2918 4980
677 353 913 414 ‚100-

231 537 471 617 quaestionem.
518 538 653 622 agitur
677 541 787 603 auteur
813 536 857 602 do
881 537 1012 603 tribus
1036 536 1236 616 membris,
1270 554 1362 617 quo·

230 660 310 705 rum
336 641 444 706 nullo
468 640 629 706 additus
653 647 714 707 est
738 641 944 707 articulus.
980 640 1034 706 hic
1057 659 1189 721 quoque
1213 639 1363 720 quaestio

230 749 307 815 urta
339 749 392 810 est
426 743 590 809 varietate
621 744 771 810 lectionis
794 744 815 808 l.
840 744 880 809 de
904 743 1041 825 prisca
1064 742 1275 823 medicina,
1309 741 1364 807 ubi

230 847 262 911 in
287 852 382 912 σ.·22.
400 851 450 912 28.
468 851 497 912 2.
522 848 606 913 haec
629 847 753 929 legitur
776 846 925 912 codicum
954 846 1194 926 discrepantia:

438 947 552 1033 σπλήν
575 970 612 1014 σε
635 951 693 1014 καὶ
716 949 883 1032 πνεύμων
906 950 965 1014 καὶ
987 946 1093 1032 μαζοί
1115 950 1157 1014 Α.

574 1073 612 1117 σε
635 1071 697 1117 om.
722 1054 766 1118 M.

231 1161 306 1222 utra
333 1155 502 1239 colligatio
525 1156 673 1239 legitima
697 1162 750 1221 cst
773 1156 804 1220 in
823 1157 885 1222 hoc
908 1157 1003 1237 libro,
1026 1157 1084 1223 illa
1106 1177 1166 1238 per
1180 1156 1366 1238 particulas

231 1262 291 1324 καί
312 1312 319 1325 .
408 1261 467 1324 καί
489 1278 531 1324 an
555 1261 663 1325 altera
685 1279 745 1341 per
767 1281 804 1324 σε
827 1261 888 1324 καί
910 1312 916 1325 .
942 1308 949 1322 .
974 1309 981 1326 .
1006 1261 1085 1326 aul?
1122 1261 1191 1326 nl.
1214 1260 1366 1326 Kuehle÷

231 1363 369 1429 weinius
403 1362 475 1428 iure
498 1382 538 1427 ac
562 1362 680 1427 morito
704 1363 850 1429 codicem
873 1364 906 1426 A
930 1370 1063 1430 secutus
1089 1371 1149 1443 est.
1173 1362 1233 1430 sed
1257 1363 1368 1429 adhuc

230 1465 459 1545 dubitandum,
483 1471 594 1531 utrum
621 1465 738 1532 fecerit
763 1486 844 1532 usus
871 1467 1043 1547 scriptoris
1066 1472 1229 1533 accurata
1253 1467 1366 1551 cogni·

230 1570 320 1636 tione
344 1574 538 1650 commotus
552 1588 595 1634 an
619 1569 698 1650 quia
722 1588 854 1651 semper
881 1570 970 1636 illius
994 1570 1118 1636 codicis
1140 1571 1366 1652 patrocinium

229 1673 423 1755 susceperit.
469 1673 628 1754 exemplis
668 1673 755 1738 euim
796 1674 949 1740 omnibus
984 1674 1115 1740 collatis
1150 1674 1367 1757 cognoscitur

229 1784 426 1843 auctorem
448 1778 469 1842 l.
494 1778 539 1842 de
561 1798 593 1858 p.
619 1796 659 1841 m.
684 1796 838 1857 semper
860 1779 1023 1858 primum
1045 1779 1259 1843 membrum
1283 1797 1366 1843 cum

229 1881 361 1947 altero
386 1881 644 1946 coniunxisse
669 1880 833 1946 vocibu's
856 1903 898 1946 σε
921 1883 1001 1946 aot:
1037 1901 1063 1946 e.
1088 1887 1117 1946 3.
1143 1887 1172 1946 3.
1195 1888 1247 1946 22.
1282 1902 1365 1962 καρ-

229 1983 318 2064 πούς
352 2005 389 2048 σε
423 1986 481 2048 καὶ
514 1981 601 2067 ὕλην
636 1985 694 2049 καὶ
725 1984 862 2067 χόρτον.
909 2004 935 2049 o.
960 1991 989 2050 3.
1012 1991 1044 2050 4.
1069 1991 1112 2050 6..
1133 1983 1212 2067 ὠμά
1246 1984 1366 2049 τεκαὶ

228 2085 363 2170 ἄκρητα
386 2088 445 2151 καὶ
466 2084 618 2170 μεγάλας
641 2085 811 2171 δυνάμιας
835 2086 968 2170 ἔχοντα.
1014 2108 1041 2153 c.
1066 2094 1096 2153 3.
1120 2093 1149 2153 5.
1173 2095 1203 2153 4.
1227 2089 1365 2171 τροφήν

229 2210 265 2254 σε
299 2190 358 2254 καὶ
392 2188 533 2272 αὔξησιν
567 2191 625 2255 καὶ
657 2190 812 2274 ὑγιείην·
858 2210 886 2256 c.
915 2197 944 2256 3.
972 2197 1002 2256 5.
1031 2197 1060 2257 7.
1094 2190 1201 2275 ὑγιείῃ
1235 2210 1274 2256 τε
1306 2191 1366 2256 καὶ

230 2296 381 2377 σωτηρίῃ
405 2295 463 2358 καὶ
485 2299 608 2378 τροφῇ.
655 2300 810 2359 ο.9.10.
837 2300 885 2359 14.
920 2292 1057 2378 μεγάλῳ
1083 2315 1121 2359 σε
1144 2295 1203 2359 καὶ
1237 2292 1365 2377 ἰσχυρῷ

229 2398 287 2461 καὶ
310 2394 496 2480 ἐπισφαλεῖ
515 2399 694 2480 νοσήμασι.
734 2416 761 2462 c.
787 2404 836 2462 10.
863 2404 911 2463 11.
936 2404 964 2463 9.
986 2398 1123 2482 χάσμης
1146 2418 1183 2463 σε
1205 2398 1272 2463 καὶἸ
1287 2416 1367 2462 νυσ-

228 2504 361 2582 ταγμοῦ
396 2500 455 2565 καὶ
478 2498 584 2583 όίηιης
607 2498 763 2583 πλήρεες.
810 2507 912 2566 ο.14.
940 2507 989 2567 ld.
1014 2507 1063 2567 17.
1099 2499 1205 2583 άρσος
1238 2521 1277 2566 τε
1309 2501 1369 2567 καὶ

229 2601 321 2687 μάζα
345 2605 403 2669 καὶ
426 2604 580 2687 ἑπόμενα
607 2604 755 2685 τούτοις.
802 2624 828 2670 c.
855 2612 904 2670 19.
929 2609 979 2670 22.
1004 2611 1033 2670 8.
1068 2603 1205 2688 ἁλμυρά
1239 2626 1276 2669 σε
1310 2605 1369 2672 καὶ

229 2705 316 2788 ὑγρὰ
339 2708 399 2771 καὶ
422 2705 552 2790 όριμὲα.
592 2727 617 2772 c.
643 2714 694 2772 22.
719 2713 769 2774 27.
798 2713 844 2772 17.
870 2709 987 2789 κύστις
1010 2730 1047 2773 σε
1070 2709 1129 2774 καὶ
1150 2707 1286 2792 κεφαλὴ
1310 2708 1369 2773 καὶ

229 2810 365 2894 όσιὲρη.
412 2831 494 2877 sane
518 2813 617 2876 etiam
653 2813 688 2876 in
723 2813 742 2877 l.
768 2811 808 2876 de
831 2832 862 2892 p.
887 2832 927 2878 m.
952 2812 1171 2879 inveniuntur
1205 2813 1280 2895 loci,
1312 2813 1367 2894 qui

234 2935 299 2980 nou
318 2915 472 2980 videntur
495 2914 527 2979 in
544 2916 631 2980 hanc
654 2916 806 2999 regulam
822 2917 1005 2997 quadrare3
1029 2917 1088 2982 sed
1111 2917 1159 2982 illi
1182 2917 1245 2983 loci
1270 2936 1368 2998 prop·

232 3024 327 3083 terea
343 3038 407 3083 non
425 3018 641 3098 componendi
667 3024 746 3084 sunt
762 3038 835 3084 cum
858 3020 944 3100 istis,
966 3038 1050 3100 quos
1066 3039 1169 3101 supra
1185 3021 1368 3100 attulimus

233 3123 311 3203 quia
344 3123 448 3203 primo
483 3123 585 3187 totius
620 3122 786 3187 enuntiati
820 3123 1032 3189 substantivo
1072 3125 1283 3205 antepositus
1318 3130 1369 3190 est

233 3227 411 3306 articulus3
436 3226 565 3291 duobus
583 3232 695 3291 autem
721 3225 803 3291 locis
820 3246 886 3291 non
903 3228 1070 3309 copulatio
1093 3247 1153 3307 per
1174 3247 1212 3292 τε
1235 3230 1317 3294 καί.
1336 3276 1367 3292 ..

233 3332 301 3409 καί,
336 3330 394 3396 sed
429 3350 498 3411 per,
523 3330 686 3410 duplicem
720 3331 919 3411 particulam
955 3334 1016 3396 καί
1044 3382 1052 3396 .
1077 3384 1083 3397 .
1109 3382 1115 3396 .
1140 3334 1201 3396 καί
1232 3332 1368 3416 legitur:

232 3454 258 3499 c.
283 3439 312 3499 3.
337 3440 366 3498 5.
392 3439 421 3498 9.
446 3435 478 3497 οἱ
501 3433 604 3498 πόνοι
627 3435 685 3499 καὶ
708 3438 828 3499 νοῦσοι
849 3437 907 3500 καὶ
929 3433 1090 3500 άάνασοι.
1136 3455 1163 3501 c.
1182 3441 1231 3500 17.
1248 3441 1301 3502 20.
1319 3440 1366 3501 l&

231 3536 271 3601 τό
295 3537 482 3621 ἡγεόμενον
506 3539 564 3602 καὶ
586 3537 871 3621 παροξυνόμενον
894 3539 952 3603 καὶ
976 3538 1229 3623 αὐξανόμενον..

317 3641 518 3722 Priusquam
542 3642 583 3706 ad
608 3642 756 3707 auctoris
780 3643 800 3705 l.
826 3642 866 3707 de
889 3663 918 3708 a.
944 3663 973 3708 a.
998 3644 1018 3708 l.
1043 3643 1176 3711 dicendi
1191 3649 1366 3710 consuetu-

232 3745 341 3815 dinem
366 3747 557 3811 accuratius
582 3747 812 3828 exponendam
828 3748 1044 3829 accedamus
1062 3747 1163 3813 liceat
1184 3747 1264 3813 mihi
1291 3766 1368 3814 con·

231 3850 393 3915 iacturam
416 3849 578 3931 prolerre,
603 3871 668 3932 qua
691 3850 771 3915 milri
794 3851 898 3917 totius
926 3852 990 3917 loci
1015 3870 1134 3918 sensus
1158 3852 1369 3932 aliquantum

317 4021 324 4057 ¹
344 4020 388 4073 sic
401 4021 440 4086 M,
460 4020 546 4073 cuius
561 4022 724 4074 lectionem
737 4021 1039 4075 Kuehleweinius
1059 4038 1179 4090 quoque
1192 4022 1368 4076 necessitate

230 4112 350 4162 coactus
369 4110 402 4160 in
415 4112 499 4160 textu
514 4109 628 4174 posuil;
647 4111 673 4161 A
686 4107 814 4174 praebet
826 4109 1003 4161 nominativi
1016 4111 1136 4174 formas,
1156 4125 1232 4176 quae
1245 4115 1368 4176 propter

229 4195 436 4248 antecedentia
456 4197 549 4249 uerba
567 4198 613 4263 (cf.
632 4213 658 4250 v.
673 4197 688 4248 2
702 4210 751 4262 pg.
764 4196 799 4262 ὅ.)
818 4195 915 4252 πόνους
932 4214 959 4249 τε
976 4196 1022 4248 καὶ
1041 4197 1152 4253 νσόσσυς
1169 4195 1217 4249 καὶ
1235 4198 1369 4253 θανάτους

229 4282 313 4334 nullo
332 4282 420 4334 modo
439 4287 518 4334 stare
536 4287 672 4349 possunt.
1043 4296 1045 4301 ·
