2918 4980
612 357 848 418 -102-

159 543 217 609 καὶ
241 542 391 626 στάσιμα
413 542 473 607 καὶ
495 539 647 625 λιμναῖα.
689 561 716 607 c.
742 547 770 607 7.
793 547 844 607 40.
871 548 919 607 16.
955 538 1071 623 δερμὰ
1095 540 1154 605 καὶ
1184 540 1300 623 ιιαχέα

157 647 217 712 καὶ
239 644 351 730 ὀδμὴν
374 644 507 728 ἔχοντα.
553 665 581 710 c.
607 650 635 711 7.
659 650 710 710 42.
737 652 785 711 18.
819 643 1045 728 λαμπρότερα
1079 645 1138 709 καὶ
1164 642 1299 710 εὐώδεα

158 751 217 815 καὶ
239 753 366 833 κοῦφα.
408 768 436 814 c.
455 753 483 813 7.
504 755 555 814 42.
580 754 631 813 20.
655 745 767 813 ἁλυκὰ
789 748 847 813 καὶ
871 747 1048 830 ἀτέραμνα
1071 748 1130 812 καὶ
1153 745 1297 831 σκληρά.

161 857 302 919 υ.7.43.
322 856 371 918 19.
396 850 574 935 ἀτέραμνα
597 852 655 916 καὶ
679 849 811 934 σκληρὰ
834 852 892 916 καὶ
912 851 1037 935 ἥκιστα
1059 850 1187 933 ἑψανά.
1227 869 1254 916 c.
1272 857 1302 916 8.

161 960 259 1024 461.
282 952 446 1038 λαμιτρδν
469 954 527 1018 καὶ
549 957 685 1037 κοῦφον
708 955 767 1019 καὶ
789 950 903 1036 γλυκύ.
945 973 971 1018 c.
998 959 1047 1018 18.
1062 959 1112 1020 60.
1130 959 1159 1019 9.
1184 951 1302 1036 λειμα-

163 1057 280 1142 κώδης
306 1058 364 1122 καὶ
387 1055 473 1141 ψιλὴ
497 1058 556 1122 καὶ
578 1054 731 1139 ἔνυδρος.
777 1076 805 1122 c.
828 1062 880 1121 24.
904 1063 955 1122 68.
980 1062 1030 1124 23.
1066 1055 1166 1122 κοῖλα
1190 1058 1304 1140 χωρία

164 1162 222 1235 καὶ
239 1158 454 1244 λειμακώδεα
478 1160 536 1225 καὶ
559 1160 718 1243 πνιγρρά.
764 1180 790 1226 c.
808 1166 858 1226 24.
881 1167 930 1226 69.
958 1167 984 1226 1.
1009 1160 1044 1242 ἐς
1067 1158 1167 1242 εὖρος
1190 1181 1304 1243 ττεφυ-

164 1265 264 1346 κότες
276 1265 335 1330 καὶ
351 1261 544 1346 σαρκώδεες
559 1265 617 1329 καὶ
632 1262 884 1348 μελανότριχες.
913 1283 940 1330 α.
953 1270 1004 1330 26.
1018 1270 1069 1330 70.
1083 1270 1112 1330 9.
1129 1270 1170 1348 γῆ
1187 1265 1306 1344 πίειρα

165 1370 224 1434 καὶ
245 1365 414 1452 μαλδακὴ
438 1367 496 1433 καὶ
512 1364 664 1449 εὔυδρος.
702 1367 780 1433 huic
802 1368 902 1452 longo
918 1368 1144 1449 exemplorum
1168 1367 1307 1447 tractui,

166 1491 231 1554 quo
255 1471 401 1538 auctoris
425 1470 644 1552 componendi
667 1489 749 1537 usus
773 1469 1022 1537 demonstratur
1039 1509 1078 1517 —
1095 1476 1174 1537 sunt
1190 1478 1305 1536 autem

166 1575 352 1657 quindecim
376 1575 438 1640 loci
455 1610 495 1620 -
512 1574 667 1656 opposita
678 1578 767 1666 sunt
789 1574 865 1655 tria,
890 1575 946 1641 ubi
961 1575 1102 1656 primum
1120 1574 1306 1640 membrum

166 1698 241 1746 cum
275 1679 382 1744 altero
416 1678 627 1745 coniunctum
662 1683 714 1744 est
748 1678 876 1744 voculis
909 1699 946 1744 τε
980 1681 1054 1744 καλε
1093 1698 1120 1744 c.
1142 1685 1173 1743 4.
1198 1684 1251 1745 38.
1278 1684 1307 1743 l.

167 1778 299 1865 σκληρά
322 1802 359 1847 τε
382 1782 440 1846 καὶ
463 1780 641 1865 ἀτέραμνα
663 1782 722 1846 καὶ
744 1781 871 1865 ψυχρά.
918 1800 944 1846 c.
970 1787 998 1847 7.
1022 1788 1074 1847 41.
1101 1788 1128 1847 1.
1152 1779 1308 1865 σκληράς

166 1904 203 1952 τε
225 1886 284 1950 καὶ
305 1883 436 1966 λειττάς
469 1885 528 1949 καὶ
554 1881 699 1968 δερμάς.
745 1905 772 1951 c.
796 1891 847 1951 24.
872 1891 922 1950 69.
948 1891 997 1950 16.
1031 1883 1143 1950 λειττά
1176 1905 1214 1950 τε
1249 1885 1310 1950 καὶ

168 1986 302 2071 ἄνυδρα
324 1989 384 2053 καὶ
406 1986 512 2071 ψιλα’;
536 1988 654 2070 quibus
670 1989 788 2070 paucis
811 1989 892 2055 locis
909 1989 1027 2073 regula
1044 2008 1109 2054 non
1126 1989 1308 2069 refutatur,

170 2092 230 2159 sed
253 2091 483 2157 confirmatur:
519 2090 606 2171 quod
637 2091 724 2157 idem
749 2090 871 2157 accidit
903 2091 935 2156 in
965 2092 1042 2158 aliis
1077 2091 1160 2158 locis
1188 2097 1310 2158 contra

169 2194 321 2280 regulam
356 2194 570 2261 constructis:
605 2194 659 2260 hic
692 2195 777 2260 enim
807 2202 864 2261 aut
888 2196 1024 2264 verbum
1059 2196 1219 2262 insertum
1245 2201 1308 2277 cst,

168 2299 262 2364 velut
295 2318 323 2363 c.
359 2303 408 2363 10.
443 2303 494 2363 60.
530 2304 559 2363 3.
593 2295 709 2363 λειττά
741 2316 779 2363 τε
812 2298 935 2364 ἐόντα
968 2300 1027 2364 καὶ
1060 2297 1214 2365 ἀσδενέα
1249 2299 1309 2364 καὶ

167 2399 334 2468 νοσώδεα.
381 2421 408 2467 c.
433 2407 483 2467 24.
508 2407 560 2468 68.
586 2408 634 2467 17.
666 2404 785 2486 χώρην
808 2400 946 2487 ὀρεινήν
968 2424 1006 2468 τε
1040 2404 1225 2467 οἰκέουσι
1248 2403 1307 2468 καὶ

169 2510 331 2589 τρηχεῖαν
353 2506 412 2570 καὶ
433 2503 586 2589 ὑψηλήν,
621 2511 681 2571 aut
714 2505 900 2586 particulae
934 2527 971 2571 τε
1006 2505 1175 2572 antecedit
1208 2525 1306 2587 prae·

169 2609 300 2690 positi0,
325 2607 416 2674 velut
442 2627 470 2675 c.
496 2614 545 2674 16.
570 2614 620 2683 68.
645 2614 695 2674 21.
725 2607 806 2673 ἀιτδ
829 2631 866 2674 τε
889 2606 1040 2674 παιδίων
1063 2609 1121 2674 καὶ
1144 2607 1308 2691 γυναικὸς

171 2763 179 2779 .
203 2760 211 2776 .
235 2762 243 2778 .
267 2712 419 2777 καὶτῶν
441 2709 576 2776 λοιπῶν
599 2709 722 2795 φίλων.
767 2731 793 2777 c.
813 2718 862 2776 19.
879 2717 929 2778 61.
949 2716 999 2777 17.
1028 2711 1108 2777 ἀιιδ
1131 2732 1168 2777 τε
1188 2712 1308 2796 χιόνος

171 2816 230 2882 καὶ
263 2812 483 2900 κρυσταλλου
511 2816 570 2880 καὶ
598 2812 752 2881 δδάτων.
797 2815 911 2896 itaque
944 2816 1020 2881 finis
1045 2815 1308 2898 disquisitionis,

172 2938 272 3003 quam
288 2919 385 2986 modo
402 2920 586 2999 attulimus,
603 2938 667 2984 uon
683 2919 842 2985 abhorret
857 2920 899 2984 ab
916 2920 992 2985 aliis
1009 2937 1113 3000 supra
1127 2919 1307 2986 institutis:

171 3019 275 3091 libros
298 3023 338 3090 de
361 3043 392 3105 p.
409 3042 450 3089 m.
475 3029 509 3089 et
531 3022 618 3088 dea.
640 3023 713 3089 al.
736 3042 803 3088 nou
827 3023 869 3089 ab
893 3022 1008 3088 eodem
1032 3024 1194 3105 scriptore
1217 3042 1307 3089 com·

171 3128 298 3211 positos
321 3146 407 3194 csse.

258 3231 389 3311 Restat,
404 3235 441 3296 ut
457 3231 605 3296 breviter
621 3249 837 3312 exponamus,
854 3231 1018 3311 quomodo
1041 3230 1142 3296 luerit
1157 3231 1308 3297 auctoris

171 3337 192 3400 l.
211 3335 251 3400 de
268 3333 605 3416 praenotionibus
626 3334 660 3399 in
678 3335 741 3400 hae
759 3353 795 3399 re
813 3354 906 3401 usus.
930 3335 989 3400 sed
1005 3354 1080 3400 cum
1098 3334 1165 3400 tria
1177 3339 1307 3401 tantum

172 3440 326 3519 exempla
343 3442 486 3520 exstent,
504 3456 590 3519 quae
609 3439 718 3519 aptius
735 3457 810 3503 cum
828 3438 960 3518 ceteris,
982 3457 1067 3518 quae
1091 3438 1124 3503 iu
1149 3438 1242 3504 libris
1266 3439 1308 3504 de

172 3563 202 3624 p.
217 3562 257 3606 m.
283 3547 316 3607 et
339 3541 380 3607 de
395 3560 424 3607 a.
439 3561 469 3606 a.
483 3542 502 3605 l.
526 3541 724 3622 invenimus,
741 3541 892 3622 componi
909 3546 1060 3623 possunt,
1084 3561 1151 3607 non
1167 3542 1308 3607 multum

172 3645 326 3711 utilitatis
350 3665 390 3710 ex
413 3645 466 3711 his
489 3644 669 3729 colligitur:
704 3665 781 3711 nam
816 3665 917 3710 unum
952 3645 1138 3726 exemplum
1172 3646 1309 3729 legitur,

172 3749 229 3815 uhi
251 3749 393 3830 primum
410 3749 593 3815 membrum
616 3769 689 3815 cum
708 3751 814 3814 altero
830 3750 999 3830 particula
1021 3751 1081 3813 καί
1100 3750 1173 3815 sola
1189 3767 1308 3814 conec-

172 3851 268 3918 titur:
286 3872 312 3918 ο.
326 3857 356 3916 2.
369 3856 420 3916 79.
436 3857 484 3917 17.
502 3850 651 3936 σκληρὸν
668 3853 726 3917 καὶ
738 3853 1008 3936 περιτεταμένον
1020 3853 1078 3917 καὶ
1090 3849 1309 3935 καρφαλέον;

172 3957 206 4021 in
230 3955 359 4022 duobus
381 3954 520 4036 reliquis
543 3955 586 4021 ad
608 3955 642 4022 id
665 3976 702 4020 τε
725 3959 785 4022 καί
805 3956 993 4038 particulae
1017 3956 1193 4038 copulatae
1211 3974 1309 4021 usur·

172 4060 310 4141 piantur:
335 4063 475 4125 c.7.85.
495 4065 543 4125 18.
567 4058 691 4125 λευκόν
713 4061 825 4125 τεκαὶ
846 4058 939 4125 λεῖον
955 4061 1013 4125 καὶ
1036 4057 1178 4143 ὁμαλόν.
1210 4079 1237 4124 c.
1257 4065 1309 4127 17.

172 4167 221 4230 97.
247 4169 277 4228 3.
300 4161 425 4228 λευκόν
446 4184 484 4228 τε
506 4165 565 4229 καὶ
586 4162 679 4228 λεῖον
702 4165 761 4229 καὶ
784 4163 966 4246 ὁμόχρουν.
1012 4164 1069 4230 sed
1094 4166 1211 4229 notatu
1235 4162 1309 4247 dig·

173 4282 252 4334 nuru
287 4273 349 4350 est,
383 4266 549 4334 interdum
584 4267 683 4334 aliam
718 4267 859 4334 formam
893 4267 1054 4350 adhiberi,
1089 4266 1143 4332 ubi
1173 4265 1312 4351 singula
