2918 4980
712 369 926 430 ..95-

248 560 345 639 quior
368 560 443 625 visa
477 565 528 624 est
562 561 620 636 eie,
656 577 740 638 quus
776 556 884 621 aiibue
912 555 1127 635 contemplati
1162 573 1293 634 sumus:
1328 554 1389 619 sed

247 662 526 743 praemonendum
552 667 613 741 est,
639 661 692 744 agi
718 660 814 724 etde
839 659 1060 725 substantivis
1089 658 1185 724 etde
1210 656 1387 723 adiectivis

248 766 423 845 copulatis.
470 783 566 846 qriem
604 764 643 828 ad
677 783 772 833 usum
798 763 990 827 accuratius
1014 761 1193 826 eruendum
1226 780 1389 826 vocamur

248 869 426 934 lectionum
451 868 689 949 discrepantia,
714 885 799 946 quae
824 870 937 930 exstat
959 866 991 929 in
1009 865 1029 929 l.
1048 865 1087 929 de
1104 865 1241 946 prisca
1265 864 1387 929 medi-

248 973 338 1038 cina
362 992 388 1037 c.
406 978 434 1036 9.
455 977 503 1036 10.
521 977 554 1035 7:

454 1127 486 1189 ol
509 1127 613 1189 κακοί
634 1125 752 1199 τεκαὶ
775 1124 808 1188 οἱ
831 1121 987 1187 πλεῖστοι
1011 1122 1124 1205 ἰητροί
1148 1123 1188 1184 Α.

776 1228 809 1290 oi
832 1246 894 1291 om.
920 1227 963 1290 M.

333 1385 398 1449 Hic
425 1384 573 1449 codicem
591 1385 800 1450 Marcianum
824 1382 1115 1463 praestabiliorem
1140 1401 1296 1447 seruasse
1321 1383 1387 1446 lec-

248 1488 372 1553 tionem
407 1487 580 1568 scriptoris
604 1505 665 1552 usu
701 1486 959 1551 demonstratur.
1006 1485 1092 1566 quod
1124 1505 1185 1550 uou
1219 1486 1390 1550 intellexit

246 1589 1388 1672 Kuehleweinius,quilnequoqueParisinilectionenmuareiano

246 1695 415 1774 praetulit.
456 1694 595 1771 accedit,
620 1694 706 1775 quod
729 1694 863 1758 hicnon
882 1693 987 1756 solum
1006 1693 1154 1758 auctoris
1171 1693 1388 1759 construendi

247 1799 455 1863 consuetudo
490 1797 577 1862 sicce
612 1796 833 1863 describenda
867 1805 928 1876 est,
964 1797 1049 1862 sicut
1085 1796 1117 1860 iu
1143 1796 1263 1861 ceteris
1287 1797 1389 1861 buius

246 1899 480 1981 disputationis
504 1900 657 1980 partibus
681 1900 792 1965 lacere
816 1906 953 1964 coactus
977 1918 1079 1965 eram.
1114 1899 1212 1963 immo
1248 1898 1388 1964 formari

245 2011 356 2084 potest
378 2004 474 2068 firma
496 2004 623 2087 regula,
648 2023 715 2083 qua
750 2003 850 2069 huius
883 2003 958 2067 libri
994 2009 1111 2068 auctor
1138 2002 1238 2067 valde
1274 2021 1387 2067 secer-

248 2113 348 2173 natur
383 2126 404 2171 a
437 2107 558 2172 ceteris
604 2106 752 2188 corporis
787 2104 1003 2187 Hippocratci
1050 2106 1284 2187 scriptoribus:
1332 2106 1389 2171 hic

246 2210 331 2275 enim
350 2215 473 2275 certum
491 2209 667 2274 discrimen
691 2209 778 2273 iuter
801 2211 861 2274 nal
883 2214 915 2274 et
938 2229 974 2272 τε
991 2211 1050 2273 καί
1065 2209 1245 2292 significari
1262 2213 1388 2289 potest.

247 2332 322 2378 nain
348 2312 376 2377 si
400 2313 475 2392 quis
499 2311 608 2376 omnia
633 2313 785 2392 exempla
809 2312 1022 2394 excerpserit,
1057 2312 1141 2377 haec
1165 2313 1229 2377 erit
1255 2330 1389 2377 summa

246 2415 499 2496 disquisitionis:
533 2416 560 2480 Ι.
597 2416 629 2480 si
664 2416 700 2480 in
728 2415 950 2496 enuntiato,
987 2415 1088 2497 quod
1124 2417 1315 2482 consistit
1339 2436 1388 2481 ex

247 2519 399 2584 duobus
435 2519 619 2584 mmubris
654 2521 739 2587 siue
774 2522 842 2583 καί
875 2520 961 2584 sive
985 2540 1026 2584 τε
1050 2519 1388 2600 comminuetis,

246 2622 473 2702 particulae
497 2643 538 2685 τε
561 2625 631 2686 καί
652 2624 766 2691 iuxta
788 2623 946 2704 positae
979 2625 1259 2701 inveniuntur,
1285 2623 1387 2687 arti-

246 2727 359 2791 culus
405 2726 531 2804 priori
577 2727 812 2791 seutcntiae
851 2727 1021 2791 membro
1064 2727 1271 2792 addendus
1311 2735 1387 2806 est,

246 2829 366 2894 alteri
401 2829 519 2893 debet
553 2829 704 2895 deesse.
766 2831 805 2893 ll.
841 2830 988 2910 duplex
1022 2837 1150 2895 autem
1188 2830 1388 2895 articulus

245 2940 323 2997 tum
360 2932 510 2997 domum
545 2940 656 2997 recto
690 2935 869 3013 ponitur,
905 2953 986 2999 eum
1023 2934 1232 3014 diremptis
1255 2933 1387 3014 parti-

246 3037 348 3101 culis
372 3055 413 3099 τε
436 3038 506 3099 καί
538 3037 766 3116 insequitur
799 3056 840 3100 τε
863 3036 1028 3116 primum
1053 3038 1281 3115 articulum,
1316 3039 1390 3101 καί

215 3218 217 3223 s
247 3141 509 3221 anteponitur
543 3140 675 3203 altori.
729 3139 786 3204 scd
823 3141 920 3222 louge
954 3140 1129 3205 inferiores
1163 3145 1278 3220 partes
1313 3141 1388 3223 agit

247 3242 421 3307 secunda
455 3243 595 3320 fornia,
630 3261 704 3311 curn
740 3243 884 3322 quinquo
914 3243 1067 3322 exempla
1099 3243 1133 3307 in
1166 3249 1236 3306 toto
1271 3243 1386 3308 libello

247 3347 416 3428 legantur:
441 3364 467 3408 e.
485 3352 513 3409 5.
532 3352 559 3411 6.
578 3352 606 3409 2.
631 3351 720 3411 τοῖσι
743 3367 779 3408 τε
795 3345 966 3426 κάμνουσι
982 3347 1040 3409 καὶ
1056 3351 1166 3410 τοῖσιν
1181 3345 1384 3428 ὑγιαίνουσι.

247 3468 274 3513 c.
299 3454 327 3512 5.
352 3454 381 3513 6.
405 3456 434 3512 4.
470 3449 503 3512 οἱ
529 3470 566 3512 τε
588 3447 758 3530 βάρβαροι
786 3450 844 3512 καὶ
867 3453 938 3514 τῶν
966 3447 1138 3532 Ἑλλήνων
1161 3447 1254 3513 ἔνιοι.
1301 3468 1327 3513 c.
1354 3456 1385 3515 5.

247 3559 277 3616 6.
301 3558 351 3616 20.
384 3557 462 3636 τῇσι
491 3573 527 3615 τε
551 3553 690 3634 κρήσεσι
717 3553 851 3636 καὶτῷ
880 3551 1019 3636 allidet.
1065 3572 1092 3617 c.
1117 3559 1146 3618 6.
1172 3559 1199 3618 7.
1225 3559 1254 3617 1.
1291 3551 1326 3616 οἵ
1347 3574 1386 3618 τε

247 3654 391 3734 πυρετοὶ
413 3654 471 3718 καὶ
493 3653 536 3718 τὰ
560 3652 749 3738 ἀλγήματα.
786 3662 927 3721 c.9.10.
949 3663 996 3722 15.
1020 3660 1064 3720 τά
1088 3677 1125 3720 τε
1148 3656 1386 3739 ἁμαρτήματα

247 3758 305 3821 καὶ
328 3757 350 3840 ἡ
374 3755 520 3839 ἀτεχνίη.
565 3758 677 3838 prior
699 3765 810 3824 autem
846 3761 970 3824 fornia
1005 3770 1056 3824 est
1085 3761 1317 3839 usitatissima,
1344 3781 1386 3825 ne

247 3862 354 3925 dicam
389 3860 577 3926 tritissima:
612 3881 688 3926 nam
726 3882 789 3926 non
825 3862 934 3927 minus
969 3882 1068 3942 quam
1107 3864 1224 3946 viginti
1259 3870 1388 3943 septem

247 3965 310 4029 loci
333 3963 405 4029 eius
421 3965 553 4046 generis
570 3965 796 4044 inveniuntur,
825 3963 976 4030 undecim
994 3964 1217 4046 substantiva,
1241 3965 1389 4031 sedecim

248 4066 464 4132 adiectiva.
490 4067 536 4131 ab
553 4068 613 4132 his
630 4067 831 4133 ordiamur
848 4069 1202 4134 enumerationem:
1227 4088 1253 4133 c.
1269 4075 1296 4132 1.
1311 4075 1341 4133 2.
1355 4075 1385 4134 2.

246 4169 290 4234 τὰ
303 4168 439 4252 ἀφανέα
452 4171 558 4234 τεκαὶ
570 4169 799 4254 ἀπορεόμενα.
824 4191 851 4235 c.
869 4178 897 4235 3.
914 4178 944 4236 4.
964 4178 1012 4236 ll.
1026 4170 1109 4252 τοὺς
1120 4171 1184 4254 μὲν
1197 4169 1384 4254 πλείστους

245 4293 283 4336 τε
307 4272 364 4336 καὶ
388 4271 640 4356 ἀσθενεστέρην
664 4273 768 4356 φύσιν
791 4271 942 4356 ἔχοντας.
979 4293 1006 4338 c.
1024 4280 1052 4337 3.
1070 4280 1099 4338 4.
1116 4280 1167 4338 23.
1191 4273 1235 4338 τά
1259 4274 1382 4356 ἰσχυρά
