2918 4980
696 358 824 418 η,.26
868 387 912 398 ..

236 540 398 620 exempla,
415 560 616 621 quamquam
633 542 763 624 collegi,
789 561 894 622 urquu
911 561 994 621 opus
1012 547 1061 603 rst
1106 540 1252 603 sustiriat
1270 539 1376 615 igitur

237 663 278 707 ex
312 643 377 708 illis
411 645 580 724 opusculis
615 651 711 708 terna
745 645 898 724 exempla
922 663 1029 723 eaque
1057 644 1182 722 uptirua
1207 642 1374 707 attulissr.

238 749 434 828 purumque
457 747 696 812 commentario
720 766 803 828 opus
827 767 891 811 σου
915 747 988 812 urit.
1024 748 1102 826 ηιιῑιι
1137 766 1176 808 ux
1210 746 1374 824 ruuupiis

236 851 319 930 ipsis
352 848 568 933 intellegitur,
604 851 768 930 quomodo
791 851 943 931 scriptor,
967 851 995 914 si
1019 859 1209 913 mutaturus
1243 848 1376 926 fuisset,

237 955 299 1018 hoc
321 950 494 1018 instituere
518 954 691 1033 potuisset.

322 1058 348 1121 I.
383 1040 477 1121 PM.
524 1077 550 1122 υ.
575 1064 604 1121 2.
629 1063 657 1120 2.
687 1064 820 1122 10-12.
845 1106 882 1121 ..
940 1054 1022 1136 ὁθὸς
1047 1056 1263 1137 εὑρημένη,
1286 1055 1374 1118 καθ’

237 1160 281 1243 ἣν
301 1160 345 1224 τά
367 1160 571 1242 εὑρημένα
595 1159 709 1224 πολλά
724 1182 761 1224 τε
784 1162 841 1224 καὶ
865 1159 981 1240 καλῶς
997 1159 1119 1241 ἔχοντα
1142 1157 1311 1240 εὑρηται
1337 1159 1376 1221 έν

237 1262 358 1347 πολλῷ
368 1263 483 1346 χρόνῳ
496 1264 553 1327 καὶ
567 1263 610 1327 τά
622 1263 729 1327 λοιπά
752 1262 1037 1346 εὑρεθήσεται,
1060 1263 1104 1345 ἦν
1120 1283 1172 1342 τις
1196 1262 1317 1341 ἱκανός
1338 1284 1377 1325 τε

237 1367 305 1432 ἐὼν
328 1368 386 1430 καὶ
408 1366 452 1430 τά
475 1366 679 1449 εὑρημένα
702 1366 802 1447 είθὼς
825 1368 863 1430 ἐκ
886 1367 1024 1431 τούτων
1044 1366 1249 1447 ὁρμώμενος
1277 1363 1376 1448 ζητῇ.

324 1491 350 1535 α.
365 1476 394 1534 8.
409 1477 438 1536 8.
455 1478 587 1535 14-16.
627 1469 712 1534 ἄλλο
728 1492 760 1534 τι
785 1470 834 1535 ὠν
858 1472 891 1534 οἱ
912 1470 1172 1550 ὑγιαίνοντες
1194 1468 1378 1549 ἐσθίοντες

238 1572 460 1657 ὠφελέονται,
483 1574 532 1656 μὴ
548 1572 691 1652 πολλόν,
708 1572 795 1637 άλλά
819 1571 939 1656 πολλῷ
963 1571 1109 1636 ἔλασσον
1133 1572 1153 1653 ἢ
1180 1571 1377 1652 ὑγιαίνων

238 1676 282 1742 ἂν
305 1675 462 1756 έὺάνατο,
486 1676 591 1758 ἄλλος
614 1683 738 1743 τετῶν
760 1678 1037 1759 ὑγιαινόντων
1060 1677 1165 1759 φύσιν
1188 1675 1276 1758 ἔχων
1300 1726 1308 1741 .
1335 1727 1342 1740 .
1369 1729 1377 1741 .

239 1781 293 1845 hic
327 1781 424 1846 varia
457 1783 614 1847 sanitatis
649 1782 814 1846 voeabula
849 1789 951 1862 atque
987 1801 1028 1846 ea
1062 1781 1104 1846 ab
1127 1780 1245 1844 eadem
1268 1781 1377 1861 stirpe

239 1885 403 1968 originem
449 1885 606 1950 ducentia
645 1885 905 1966 suppeditabant
943 1886 1037 1949 velut
1072 1884 1179 1966 ὑγιής,
1216 1884 1377 1965 ὑγιεινὸς,

237 1989 386 2071 ὑγιηρός.

326 2098 416 2157 υ.10.
434 2098 633 2156 lom—24.
657 2091 728 2155 ἔστι
752 2091 815 2173 γάρ
839 2091 928 2155 οἷσιν
951 2091 1068 2156 αὑτῶν
1092 2092 1288 2173 συμφέρει
1313 2112 1378 2171 μο-

238 2201 386 2261 νοσιτεῖν
403 2197 460 2260 καὶ
477 2200 582 2260 τοῦτο
607 2194 663 2260 ὑιά
686 2195 726 2260 τὸ
751 2197 961 2278 συμφέρον
984 2194 1099 2275 οὑτως
1122 2194 1278 2258 αὑτοῖσι-ν
1299 2194 1378 2257 ε’τά-

239 2299 344 2381 ξαντο
488 2298 581 2364 οὕτω
608 2299 671 2380 γάρ
696 2299 831 2364 αὑτοῖσι
854 2301 1052 2381 συμφέρει
1077 2349 1083 2362 .
1109 2349 1115 2362 .
1141 2348 1148 2361 .
1177 2317 1243 2362 uou
1277 2297 1378 2377 peius

239 2404 368 2484 fuisset,
393 2405 421 2468 si
443 2424 503 2486 pro
528 2405 649 2484 triplici
672 2405 729 2469 illo
754 2405 941 2485 συμφέρειν
962 2404 1029 2467 alia
1046 2403 1149 2466 verba
1165 2410 1378 2482 usurpasset,

239 2509 333 2572 velut
355 2505 513 2590 ὠφελεῖν,
535 2506 700 2585 ὀνινάναι,
717 2504 905 2570 λυσιτελεῖν
920 2507 975 2570 vel
988 2507 1168 2588 χρήσιμον,
1186 2501 1378 2586 ὠφέλιμον,

239 2609 415 2692 προῦργου
438 2610 534 2675 είναι.

325 2715 369 2778 Π.
406 2712 549 2779 Α.Α.Ιι.
596 2734 622 2779 0.
649 2719 698 2777 18.
727 2719 777 2778 60.
807 2719 856 2777 13.
883 2719 932 2776 14.
962 2719 1010 2777 19.
1035 2719 1086 2776 21.
1110 2712 1148 2776 ἐν
1170 2706 1378 2794 ἁμάξῃσιν

240 2819 391 2882 σίκεῦσιν
415 2867 472 2880 ...
498 2818 533 2881 ai
556 2814 593 2880 θέ
613 2813 768 2898 ἅμαξαί
789 2817 873 2879 είσιν
978 2813 1206 2896 τετράκυκλοι
1230 2865 1236 2879 .
1256 2865 1287 2877 ..
1312 2814 1379 2896 τὰς

241 2918 277 2984 ὑέ
292 2919 450 3002 ἁμάξας
466 2918 604 2984 ἕλκουσι
618 2969 624 2982 .
640 2972 646 2982 .
661 2971 667 2982 .
681 2919 719 2982 έν
742 2918 888 3002 ταύτῃσι
909 2918 975 3000 μέν
998 2916 1062 2982 οὗν
1077 2925 1156 3002 τῇσι
1171 2917 1378 3001 ἁμάξῃσιν

276 3075 283 3089 .
309 3076 315 3088 .
361 3044 389 3089 υ.
414 3030 464 3088 22.
490 3031 540 3089 65.
566 3030 659 3089 6-8.
683 3025 746 3088 εἰσὶ
769 3023 831 3104 γὰρ
855 3022 952 3102 παρά
982 3021 1026 3086 τά
1049 3021 1123 3087 ὦτα
1147 3020 1309 3105 φλέβες,
1334 3021 1379 3104 ἃς

240 3128 301 3192 ε’άν
324 3149 377 3208 τις
400 3127 563 3210 ἐπιτάμῃ,
588 3125 707 3208 ἄγονοι
737 3129 892 3207 γίνονται
908 3127 940 3189 οἱ
956 3124 1220 3207 ἐπιτμηθέντες.
1244 3126 1379 3206 ταύτας

240 3233 360 3296 τοίνυν
393 3253 454 3312 μοι
488 3229 646 3295 θοκέουσι
674 3229 736 3310 τὰς
760 3228 916 3312 φλέβας
939 3229 1150 3311 ἐπιτάμνειν.
1197 3249 1223 3293 ο.
1248 3235 1298 3292 24.
1325 3235 1368 3293 68

242 3342 291 3399 13.
317 3333 430 3414 οὕτως
453 3333 518 3416 ἔχει
542 3337 624 3415 περί
645 3354 681 3397 τε
704 3340 767 3417 τῆς
783 3332 988 3414 Εὐρώπης
1006 3383 1012 3396 .
1028 3383 1034 3395 .
1049 3382 1056 3396 .
1073 3331 1174 3396 ἔνεισι
1198 3330 1234 3396 ὑὲ
1257 3332 1313 3395 καὶ
1339 3331 1379 3394 ἐν

241 3444 283 3522 τῇ
307 3436 487 3521 Εὐρώπῃ
512 3436 606 3521 φὺλα
630 3436 781 3520 θιάφορα
806 3487 812 3500 .
838 3487 844 3501 .
871 3488 877 3500 .

327 3541 390 3606 ΙΙΙ.
426 3541 551 3604 Prueu.
598 3547 701 3605 ο.15.
729 3547 779 3604 93.
810 3546 848 3604 19
863 3559 933 3620 sqq.
962 3543 1073 3603 ταῦτα
1096 3535 1379 3620 ἐπιγενέσθαι.

241 3643 335 3709 οὑτω
358 3640 423 3726 μέν
446 3643 508 3725 γάρ
534 3640 683 3727 [τούτων
706 3647 778 3707 τῶν
795 3645 945 3725 σημείων
969 3637 1286 3726 ἐπιγενομένων]
1311 3641 1379 3705 οὐκ

242 3746 285 3812 ἂν
309 3744 489 3812 ἀποθάνοι
513 3747 531 3811 ὁ
555 3745 758 3827 ἄνθρωπος.
782 3746 826 3828 ἢν
842 3744 877 3810 ὑὲ
893 3745 1016 3828 τὰμὲν
1032 3747 1168 3810 τούτων
1185 3745 1379 3826 ἐπιγένη-

241 3872 308 3916 ται
332 3902 338 3916 .
358 3902 390 3916 ..
415 3852 471 3917 ubi
495 3851 597 3915 verba
621 3850 779 3914 cancellis
804 3849 1055 3929 circumscripta
1079 3849 1151 3914 siue
1173 3849 1240 3912 ullo
1257 3867 1380 3914 seusus

243 3955 375 4020 deiectu
399 3960 582 4036 potueruut
605 3953 732 4018 abesse.

329 4079 355 4124 ο.
386 4065 435 4123 19.
464 4063 515 4122 99.
543 4063 676 4121 12-13.
712 4056 891 4138 προσέχειν
925 4054 988 4120 οὑν
1022 4053 1074 4120 θεῖ
1105 4054 1167 4119 τὸν
1201 4055 1285 4118 νόον
1320 4057 1382 4118 καὶ

243 4167 352 4227 τοῖσιν
369 4159 523 4225 άλλοισιν
547 4161 792 4242 σημείοισιν,
816 4159 865 4238 ὡς
881 4159 924 4241 ἢν
939 4179 973 4222 τι
995 4158 1054 4221 καὶ
1077 4162 1148 4222 τῶν
1172 4155 1288 4221 ἄλλων
1312 4176 1382 4239 ση·

242 4267 368 4348 μείων
393 4261 550 4345 πονηρὸν
574 4262 799 4346 ἐπιφαίνηται
905 4262 959 4327 ubi
987 4260 1204 4326 suffecturum
1236 4261 1298 4325 suit
1320 4263 1382 4325 καὶ
