<?xml version="1.0" encoding="UTF-8"?>
<!DOCTYPE html PUBLIC "-//W3C//DTD XHTML 1.0 Transitional//EN"
    "http://www.w3.org/TR/xhtml1/DTD/xhtml1-transitional.dtd">
<html xmlns="http://www.w3.org/1999/xhtml" xml:lang="en" lang="en">
 <head>
  <title>
</title>
<meta http-equiv="Content-Type" content="text/html;charset=utf-8" />
  <meta name='ocr-system' content='tesseract 3.04.00' />
  <meta name='ocr-capabilities' content='ocr_page ocr_carea ocr_par ocr_line ocrx_word'/>
</head>
<body>
  <div class='ocr_page' id='page_1' title='image "./curaehippocrati00schogoog_0100.png"; bbox 0 0 2918 4980; ppageno 0'>
   <div class='ocr_carea' id='block_1_1' title="bbox 621 401 835 461">
    <p class='ocr_par' dir='ltr' id='par_1_1' title="bbox 621 401 835 461">
     <span class='ocr_line' id='line_1_1' title="bbox 621 401 835 461; baseline -0.005 -20"><span class='ocrx_word' id='word_1_1' title='bbox 621 401 835 461; x_wconf 79' lang='lat'><strong>..97-</strong></span> 
     </span>
    </p>
   </div>
   <div class='ocr_carea' id='block_1_2' title="bbox 120 583 1296 3356">
    <p class='ocr_par' dir='ltr' id='par_1_2' title="bbox 120 583 1296 3356">
     <span class='ocr_line' id='line_1_2' title="bbox 157 583 1292 670; baseline 0.004 -23"><span class='ocrx_word' id='word_1_2' title='bbox 157 605 193 648; x_wconf 88' lang='grc' dir='ltr'>τε</span> <span class='ocrx_word' id='word_1_3' title='bbox 209 585 267 648; x_wconf 91' lang='grc' dir='ltr'>καί</span> <span class='ocrx_word' id='word_1_4' title='bbox 283 583 426 668; x_wconf 83' lang='grc' dir='ltr'><strong><em>ἄκρητα.</em></strong></span> <span class='ocrx_word' id='word_1_5' title='bbox 465 604 492 651; x_wconf 90' lang='lat' dir='ltr'><strong>c.</strong></span> <span class='ocrx_word' id='word_1_6' title='bbox 509 595 538 650; x_wconf 87' lang='lat'>6.</span> <span class='ocrx_word' id='word_1_7' title='bbox 557 591 585 650; x_wconf 83' lang='lat'>7.</span> <span class='ocrx_word' id='word_1_8' title='bbox 607 591 655 650; x_wconf 88' lang='grc'>13.</span> <span class='ocrx_word' id='word_1_9' title='bbox 679 584 723 649; x_wconf 83' lang='grc' dir='ltr'>τὰ</span> <span class='ocrx_word' id='word_1_10' title='bbox 740 584 948 667; x_wconf 84' lang='grc' dir='ltr'><strong><em>ἰσχορότατά</em></strong></span> <span class='ocrx_word' id='word_1_11' title='bbox 971 604 1008 649; x_wconf 93' lang='grc' dir='ltr'>τε</span> <span class='ocrx_word' id='word_1_12' title='bbox 1031 587 1089 650; x_wconf 93' lang='grc' dir='ltr'>καί</span> <span class='ocrx_word' id='word_1_13' title='bbox 1109 586 1292 670; x_wconf 79' lang='grc' dir='ltr'><strong><em>ἐπιφανέσ-</em></strong></span> 
     </span>
     <span class='ocr_line' id='line_1_3' title="bbox 157 685 1293 777; baseline 0.004 -27"><span class='ocrx_word' id='word_1_14' title='bbox 157 707 254 752; x_wconf 90' lang='grc' dir='ltr'><strong><em>τατα.</em></strong></span> <span class='ocrx_word' id='word_1_15' title='bbox 305 707 331 752; x_wconf 88' lang='lat' dir='ltr'><strong>c.</strong></span> <span class='ocrx_word' id='word_1_16' title='bbox 349 693 378 752; x_wconf 83' lang='lat'>7.</span> <span class='ocrx_word' id='word_1_17' title='bbox 396 694 425 753; x_wconf 85' lang='lat'>7.</span> <span class='ocrx_word' id='word_1_18' title='bbox 443 694 494 752; x_wconf 91' lang='lat'>20.</span> <span class='ocrx_word' id='word_1_19' title='bbox 519 686 555 769; x_wconf 82' lang='grc' dir='ltr'>ἐξ</span> <span class='ocrx_word' id='word_1_20' title='bbox 580 687 712 777; x_wconf 82' lang='grc' dir='ltr'><strong><em>ἐκείνης</em></strong></span> <span class='ocrx_word' id='word_1_21' title='bbox 735 693 798 770; x_wconf 81' lang='grc' dir='ltr'>τῆς</span> <span class='ocrx_word' id='word_1_22' title='bbox 819 685 937 771; x_wconf 81' lang='grc' dir='ltr'><em>ἀγρίης</em></span> <span class='ocrx_word' id='word_1_23' title='bbox 960 708 997 752; x_wconf 90' lang='grc' dir='ltr'>τε</span> <span class='ocrx_word' id='word_1_24' title='bbox 1019 689 1082 752; x_wconf 86' lang='grc' dir='ltr'>καί</span> <span class='ocrx_word' id='word_1_25' title='bbox 1100 687 1293 775; x_wconf 75' lang='grc' dir='ltr'><strong><em>όηριώόεος</em></strong></span> 
     </span>
     <span class='ocr_line' id='line_1_4' title="bbox 158 786 1293 875; baseline 0.004 -22"><span class='ocrx_word' id='word_1_26' title='bbox 158 788 299 873; x_wconf 85' lang='grc' dir='ltr'><strong><em>όιαίτης.</em></strong></span> <span class='ocrx_word' id='word_1_27' title='bbox 346 810 371 856; x_wconf 92' lang='lat' dir='ltr'><strong>c.</strong></span> <span class='ocrx_word' id='word_1_28' title='bbox 399 796 447 856; x_wconf 90' lang='grc'>13.</span> <span class='ocrx_word' id='word_1_29' title='bbox 473 796 521 855; x_wconf 90' lang='grc'>14.</span> <span class='ocrx_word' id='word_1_30' title='bbox 548 792 577 855; x_wconf 85' lang='grc'><strong>7.</strong></span> <span class='ocrx_word' id='word_1_31' title='bbox 612 788 652 854; x_wconf 93' lang='grc' dir='ltr'>τὸ</span> <span class='ocrx_word' id='word_1_32' title='bbox 687 786 915 872; x_wconf 80' lang='grc' dir='ltr'><strong><em>βεβαιότατόν</em></strong></span> <span class='ocrx_word' id='word_1_33' title='bbox 942 810 979 854; x_wconf 90' lang='grc' dir='ltr'>τε</span> <span class='ocrx_word' id='word_1_34' title='bbox 1012 790 1071 854; x_wconf 92' lang='grc' dir='ltr'>καί</span> <span class='ocrx_word' id='word_1_35' title='bbox 1098 793 1293 875; x_wconf 78' lang='grc' dir='ltr'><strong><em>προφανέσ-</em></strong></span> 
     </span>
     <span class='ocr_line' id='line_1_5' title="bbox 158 890 1292 976; baseline 0.004 -18"><span class='ocrx_word' id='word_1_36' title='bbox 158 913 273 958; x_wconf 89' lang='grc' dir='ltr'><strong><em>τατον.</em></strong></span> <span class='ocrx_word' id='word_1_37' title='bbox 319 912 345 957; x_wconf 88' lang='grc' dir='ltr'>ο.</span> <span class='ocrx_word' id='word_1_38' title='bbox 374 898 487 958; x_wconf 87' lang='lat'><strong>1618</strong></span> <span class='ocrx_word' id='word_1_39' title='bbox 523 898 572 957; x_wconf 89' lang='grc'>11.</span> <span class='ocrx_word' id='word_1_40' title='bbox 607 891 647 957; x_wconf 87' lang='grc' dir='ltr'>τὸ</span> <span class='ocrx_word' id='word_1_41' title='bbox 672 890 806 974; x_wconf 84' lang='grc' dir='ltr'><strong><em>όερμόν</em></strong></span> <span class='ocrx_word' id='word_1_42' title='bbox 835 894 953 956; x_wconf 85' lang='grc' dir='ltr'><strong><em>τεκαὶ</em></strong></span> <span class='ocrx_word' id='word_1_43' title='bbox 980 894 1144 976; x_wconf 79' lang='grc' dir='ltr'>ηινχρόν.1</span> <span class='ocrx_word' id='word_1_44' title='bbox 1190 915 1217 962; x_wconf 88' lang='grc' dir='ltr'>ο.</span> <span class='ocrx_word' id='word_1_45' title='bbox 1243 902 1292 964; x_wconf 87' lang='lat'>16.</span> 
     </span>
     <span class='ocr_line' id='line_1_6' title="bbox 159 994 1292 1079; baseline 0.003 -17"><span class='ocrx_word' id='word_1_46' title='bbox 159 1002 208 1062; x_wconf 88' lang='lat'>20.</span> <span class='ocrx_word' id='word_1_47' title='bbox 233 1003 261 1061; x_wconf 90' lang='lat'>5.</span> <span class='ocrx_word' id='word_1_48' title='bbox 287 995 327 1061; x_wconf 89' lang='grc' dir='ltr'>τό</span> <span class='ocrx_word' id='word_1_49' title='bbox 351 995 607 1061; x_wconf 84' lang='grc' dir='ltr'><strong><em>ἐναντιώτατόν</em></strong></span> <span class='ocrx_word' id='word_1_50' title='bbox 630 1016 667 1061; x_wconf 93' lang='grc' dir='ltr'>τε</span> <span class='ocrx_word' id='word_1_51' title='bbox 691 997 749 1061; x_wconf 91' lang='grc' dir='ltr'>καί</span> <span class='ocrx_word' id='word_1_52' title='bbox 772 994 1035 1079; x_wconf 78' lang='grc' dir='ltr'><strong>ἀφαιρεόμενον.</strong></span> <span class='ocrx_word' id='word_1_53' title='bbox 1082 1017 1109 1064; x_wconf 89' lang='lat' dir='ltr'><strong>c.</strong></span> <span class='ocrx_word' id='word_1_54' title='bbox 1128 1005 1177 1064; x_wconf 87' lang='lat'>18.</span> <span class='ocrx_word' id='word_1_55' title='bbox 1195 1006 1245 1066; x_wconf 91' lang='grc'>21.</span> <span class='ocrx_word' id='word_1_56' title='bbox 1263 1005 1292 1066; x_wconf 93' lang='lat'>6.</span> 
     </span>
     <span class='ocr_line' id='line_1_7' title="bbox 120 1097 1294 1182; baseline 0.002 -18"><span class='ocrx_word' id='word_1_57' title='bbox 120 1140 123 1145; x_wconf 96' lang='lat'>-</span> <span class='ocrx_word' id='word_1_58' title='bbox 159 1099 196 1164; x_wconf 90' lang='grc' dir='ltr'>τό</span> <span class='ocrx_word' id='word_1_59' title='bbox 217 1102 346 1182; x_wconf 78' lang='grc' dir='ltr'><strong><em>χωρίον</em></strong></span> <span class='ocrx_word' id='word_1_60' title='bbox 370 1097 523 1181; x_wconf 82' lang='grc' dir='ltr'><strong><em>ἄσαρκόν</em></strong></span> <span class='ocrx_word' id='word_1_61' title='bbox 546 1100 657 1164; x_wconf 90' lang='grc' dir='ltr'><strong><em>τεκαὶ</em></strong></span> <span class='ocrx_word' id='word_1_62' title='bbox 681 1098 839 1182; x_wconf 81' lang='grc' dir='ltr'><strong><em>σκληρόν.</em></strong></span> <span class='ocrx_word' id='word_1_63' title='bbox 880 1119 906 1164; x_wconf 90' lang='lat' dir='ltr'><strong>c.</strong></span> <span class='ocrx_word' id='word_1_64' title='bbox 924 1105 974 1164; x_wconf 78' lang='grc'>22.</span> <span class='ocrx_word' id='word_1_65' title='bbox 991 1105 1042 1166; x_wconf 87' lang='grc'>26.</span> <span class='ocrx_word' id='word_1_66' title='bbox 1060 1105 1110 1168; x_wconf 91' lang='grc'>23.</span> <span class='ocrx_word' id='word_1_67' title='bbox 1134 1101 1178 1166; x_wconf 87' lang='grc' dir='ltr'>τὰ</span> <span class='ocrx_word' id='word_1_68' title='bbox 1193 1099 1294 1167; x_wconf 81' lang='grc' dir='ltr'><strong><em>κοῖλά</em></strong></span> 
     </span>
     <span class='ocr_line' id='line_1_8' title="bbox 159 1201 1292 1288; baseline 0.004 -21"><span class='ocrx_word' id='word_1_69' title='bbox 159 1222 194 1267; x_wconf 87' lang='grc' dir='ltr'>τε</span> <span class='ocrx_word' id='word_1_70' title='bbox 219 1203 278 1267; x_wconf 91' lang='grc' dir='ltr'>καί</span> <span class='ocrx_word' id='word_1_71' title='bbox 300 1201 336 1284; x_wconf 82' lang='grc' dir='ltr'>ἐξ</span> <span class='ocrx_word' id='word_1_72' title='bbox 357 1202 474 1285; x_wconf 80' lang='grc' dir='ltr'><strong><em>εὐρέος</em></strong></span> <span class='ocrx_word' id='word_1_73' title='bbox 497 1202 531 1283; x_wconf 82' lang='grc' dir='ltr'>ἐς</span> <span class='ocrx_word' id='word_1_74' title='bbox 555 1203 676 1267; x_wconf 87' lang='grc' dir='ltr'><strong><em>στενόν</em></strong></span> <span class='ocrx_word' id='word_1_75' title='bbox 700 1204 909 1286; x_wconf 72' lang='grc' dir='ltr'><strong><em>συνηγμέναι</em></strong></span> <span class='ocrx_word' id='word_1_76' title='bbox 934 1203 1019 1269; x_wconf 89' lang='lat' dir='ltr'>idem</span> <span class='ocrx_word' id='word_1_77' title='bbox 1043 1205 1168 1288; x_wconf 78' lang='lat' dir='ltr'>legitur</span> <span class='ocrx_word' id='word_1_78' title='bbox 1191 1225 1216 1271; x_wconf 95' lang='lat' dir='ltr'><strong>c.</strong></span> <span class='ocrx_word' id='word_1_79' title='bbox 1241 1211 1292 1274; x_wconf 89' lang='lat'>22.</span> 
     </span>
     <span class='ocr_line' id='line_1_9' title="bbox 160 1304 1293 1390; baseline 0.005 -19"><span class='ocrx_word' id='word_1_80' title='bbox 160 1312 207 1371; x_wconf 88' lang='grc'>27.</span> <span class='ocrx_word' id='word_1_81' title='bbox 229 1312 263 1386; x_wconf 88' lang='grc'>5;</span> <span class='ocrx_word' id='word_1_82' title='bbox 287 1342 328 1350; x_wconf 93' lang='lat'>-</span> <span class='ocrx_word' id='word_1_83' title='bbox 352 1326 379 1371; x_wconf 87' lang='lat' dir='ltr'><strong>o.</strong></span> <span class='ocrx_word' id='word_1_84' title='bbox 404 1311 455 1372; x_wconf 91' lang='lat'>22.</span> <span class='ocrx_word' id='word_1_85' title='bbox 480 1313 531 1372; x_wconf 85' lang='lat'>26.</span> <span class='ocrx_word' id='word_1_86' title='bbox 555 1311 605 1370; x_wconf 88' lang='lat'>24.</span> <span class='ocrx_word' id='word_1_87' title='bbox 630 1304 674 1370; x_wconf 87' lang='grc' dir='ltr'>τὰ</span> <span class='ocrx_word' id='word_1_88' title='bbox 698 1306 818 1388; x_wconf 84' lang='grc' dir='ltr'><strong><em>στέρεά</em></strong></span> <span class='ocrx_word' id='word_1_89' title='bbox 840 1327 878 1370; x_wconf 87' lang='grc' dir='ltr'>τε</span> <span class='ocrx_word' id='word_1_90' title='bbox 901 1307 959 1370; x_wconf 89' lang='grc' dir='ltr'>καί</span> <span class='ocrx_word' id='word_1_91' title='bbox 983 1306 1185 1390; x_wconf 72' lang='grc' dir='ltr'><strong><em>στρογγύλαι</em></strong></span> <span class='ocrx_word' id='word_1_92' title='bbox 1210 1310 1293 1378; x_wconf 87' lang='lat' dir='ltr'>haec</span> 
     </span>
     <span class='ocr_line' id='line_1_10' title="bbox 160 1408 1292 1492; baseline 0.001 -18"><span class='ocrx_word' id='word_1_93' title='bbox 160 1409 262 1475; x_wconf 88' lang='lat' dir='ltr'>verba</span> <span class='ocrx_word' id='word_1_94' title='bbox 288 1408 429 1475; x_wconf 87' lang='lat' dir='ltr'>redeunt</span> <span class='ocrx_word' id='word_1_95' title='bbox 451 1428 504 1492; x_wconf 85' lang='lat' dir='ltr'><strong>pg.</strong></span> <span class='ocrx_word' id='word_1_96' title='bbox 522 1414 572 1474; x_wconf 83' lang='lat'>27.</span> <span class='ocrx_word' id='word_1_97' title='bbox 590 1415 640 1473; x_wconf 88' lang='grc'>21.</span> <span class='ocrx_word' id='word_1_98' title='bbox 675 1409 709 1472; x_wconf 92' lang='lat' dir='ltr'>in</span> <span class='ocrx_word' id='word_1_99' title='bbox 734 1408 848 1474; x_wconf 89' lang='lat' dir='ltr'>eodem</span> <span class='ocrx_word' id='word_1_100' title='bbox 873 1410 993 1489; x_wconf 86' lang='lat' dir='ltr'>capite.</span> <span class='ocrx_word' id='word_1_101' title='bbox 1040 1430 1067 1476; x_wconf 89' lang='lat' dir='ltr'><strong>c.</strong></span> <span class='ocrx_word' id='word_1_102' title='bbox 1091 1416 1142 1476; x_wconf 89' lang='grc'>22.</span> <span class='ocrx_word' id='word_1_103' title='bbox 1166 1417 1216 1478; x_wconf 90' lang='grc'>26.</span> <span class='ocrx_word' id='word_1_104' title='bbox 1241 1417 1292 1478; x_wconf 95' lang='grc'>25.</span> 
     </span>
     <span class='ocr_line' id='line_1_11' title="bbox 161 1510 1293 1595; baseline 0.003 -18"><span class='ocrx_word' id='word_1_105' title='bbox 161 1510 359 1577; x_wconf 68' lang='lat' dir='ltr'>adcincta</span> <span class='ocrx_word' id='word_1_106' title='bbox 382 1531 419 1576; x_wconf 95' lang='grc' dir='ltr'>τε</span> <span class='ocrx_word' id='word_1_107' title='bbox 442 1513 500 1576; x_wconf 91' lang='grc' dir='ltr'>καί</span> <span class='ocrx_word' id='word_1_108' title='bbox 523 1511 791 1595; x_wconf 80' lang='grc' dir='ltr'><strong><em>ἐπικρεμάμενα.</em></strong></span> <span class='ocrx_word' id='word_1_109' title='bbox 837 1531 865 1577; x_wconf 89' lang='grc' dir='ltr'>ο.</span> <span class='ocrx_word' id='word_1_110' title='bbox 889 1518 940 1577; x_wconf 91' lang='lat'>22.</span> <span class='ocrx_word' id='word_1_111' title='bbox 965 1519 1015 1579; x_wconf 86' lang='lat'>27.</span> <span class='ocrx_word' id='word_1_112' title='bbox 1041 1520 1090 1578; x_wconf 85' lang='lat'>19.</span> <span class='ocrx_word' id='word_1_113' title='bbox 1126 1513 1170 1579; x_wconf 84' lang='grc' dir='ltr'>τὰ</span> <span class='ocrx_word' id='word_1_114' title='bbox 1192 1512 1293 1580; x_wconf 82' lang='grc' dir='ltr'><strong><em>κοῖλά</em></strong></span> 
     </span>
     <span class='ocr_line' id='line_1_12' title="bbox 160 1614 1294 1699; baseline 0.002 -19"><span class='ocrx_word' id='word_1_115' title='bbox 160 1635 194 1680; x_wconf 92' lang='grc' dir='ltr'>τε</span> <span class='ocrx_word' id='word_1_116' title='bbox 216 1616 274 1680; x_wconf 91' lang='grc' dir='ltr'>καί</span> <span class='ocrx_word' id='word_1_117' title='bbox 297 1615 553 1698; x_wconf 83' lang='grc' dir='ltr'><strong><em>ἐκπεπταμένα.</em></strong></span> <span class='ocrx_word' id='word_1_118' title='bbox 599 1635 627 1680; x_wconf 91' lang='lat' dir='ltr'><strong>c.</strong></span> <span class='ocrx_word' id='word_1_119' title='bbox 651 1620 702 1679; x_wconf 90' lang='lat'>22.</span> <span class='ocrx_word' id='word_1_120' title='bbox 727 1620 777 1679; x_wconf 89' lang='lat'>28.</span> <span class='ocrx_word' id='word_1_121' title='bbox 802 1621 832 1680; x_wconf 93' lang='lat'>2.</span> <span class='ocrx_word' id='word_1_122' title='bbox 866 1615 910 1680; x_wconf 86' lang='grc' dir='ltr'>τό</span> <span class='ocrx_word' id='word_1_123' title='bbox 932 1614 1153 1699; x_wconf 77' lang='grc' dir='ltr'><strong><em>σπογγοειδέα</em></strong></span> <span class='ocrx_word' id='word_1_124' title='bbox 1176 1637 1213 1682; x_wconf 91' lang='grc' dir='ltr'>τε</span> <span class='ocrx_word' id='word_1_125' title='bbox 1235 1619 1294 1682; x_wconf 93' lang='grc' dir='ltr'>καί</span> 
     </span>
     <span class='ocr_line' id='line_1_13' title="bbox 161 1717 1293 1800; baseline 0.004 -18"><span class='ocrx_word' id='word_1_126' title='bbox 161 1717 270 1800; x_wconf 85' lang='grc' dir='ltr'><strong><em>ἀραιά.</em></strong></span> <span class='ocrx_word' id='word_1_127' title='bbox 295 1737 382 1783; x_wconf 90' lang='lat' dir='ltr'>nnnc</span> <span class='ocrx_word' id='word_1_128' title='bbox 398 1718 573 1783; x_wconf 82' lang='lat' dir='ltr'>audiamus</span> <span class='ocrx_word' id='word_1_129' title='bbox 590 1718 933 1784; x_wconf 78' lang='lat' dir='ltr'>substantivorum</span> <span class='ocrx_word' id='word_1_130' title='bbox 952 1720 1118 1799; x_wconf 81' lang='lat' dir='ltr'>exempla:</span> <span class='ocrx_word' id='word_1_131' title='bbox 1133 1726 1293 1786; x_wconf 88' lang='lat' dir='ltr'><strong>c.3.3.18.</strong></span> 
     </span>
     <span class='ocr_line' id='line_1_14' title="bbox 160 1820 1293 1906; baseline 0.004 -21"><span class='ocrx_word' id='word_1_132' title='bbox 160 1822 222 1906; x_wconf 81' lang='grc' dir='ltr'>τὴν</span> <span class='ocrx_word' id='word_1_133' title='bbox 244 1825 316 1886; x_wconf 88' lang='grc' dir='ltr'>τῶν</span> <span class='ocrx_word' id='word_1_134' title='bbox 338 1821 567 1904; x_wconf 73' lang='grc' dir='ltr'><strong><em>ὑγιαινόντων</em></strong></span> <span class='ocrx_word' id='word_1_135' title='bbox 591 1820 727 1886; x_wconf 87' lang='grc' dir='ltr'><strong><em>όίαιτόν</em></strong></span> <span class='ocrx_word' id='word_1_136' title='bbox 751 1842 788 1886; x_wconf 82' lang='grc' dir='ltr'>τε</span> <span class='ocrx_word' id='word_1_137' title='bbox 812 1823 870 1886; x_wconf 92' lang='grc' dir='ltr'>καί</span> <span class='ocrx_word' id='word_1_138' title='bbox 892 1824 1037 1905; x_wconf 79' lang='grc' dir='ltr'><strong><em>τροφήν.</em></strong></span> <span class='ocrx_word' id='word_1_139' title='bbox 1083 1843 1110 1889; x_wconf 92' lang='lat' dir='ltr'><strong>c.</strong></span> <span class='ocrx_word' id='word_1_140' title='bbox 1135 1829 1163 1888; x_wconf 89' lang='grc'><strong>3.</strong></span> <span class='ocrx_word' id='word_1_141' title='bbox 1188 1831 1217 1890; x_wconf 89' lang='grc'><strong>4.</strong></span> <span class='ocrx_word' id='word_1_142' title='bbox 1241 1830 1293 1889; x_wconf 89' lang='lat'>25.</span> 
     </span>
     <span class='ocr_line' id='line_1_15' title="bbox 160 1922 1293 2009; baseline 0.004 -20"><span class='ocrx_word' id='word_1_143' title='bbox 160 1923 246 2006; x_wconf 88' lang='grc' dir='ltr'><strong><em>πρὸς</em></strong></span> <span class='ocrx_word' id='word_1_144' title='bbox 268 1925 333 2007; x_wconf 78' lang='grc' dir='ltr'>τὴν</span> <span class='ocrx_word' id='word_1_145' title='bbox 356 1929 418 1989; x_wconf 86' lang='grc' dir='ltr'>τοῦ</span> <span class='ocrx_word' id='word_1_146' title='bbox 444 1923 639 2007; x_wconf 73' lang='lat' dir='ltr'>dudeciaco</span> <span class='ocrx_word' id='word_1_147' title='bbox 664 1925 769 2007; x_wconf 82' lang='grc' dir='ltr'><strong><em>φύσιν</em></strong></span> <span class='ocrx_word' id='word_1_148' title='bbox 792 1945 829 1990; x_wconf 90' lang='grc' dir='ltr'>τε</span> <span class='ocrx_word' id='word_1_149' title='bbox 852 1926 911 1989; x_wconf 93' lang='grc' dir='ltr'>καί</span> <span class='ocrx_word' id='word_1_150' title='bbox 934 1922 1090 2009; x_wconf 89' lang='grc' dir='ltr'><strong><em>όόναμιν.</em></strong></span> <span class='ocrx_word' id='word_1_151' title='bbox 1126 1946 1152 1991; x_wconf 91' lang='lat' dir='ltr'><strong>c.</strong></span> <span class='ocrx_word' id='word_1_152' title='bbox 1171 1933 1199 1992; x_wconf 89' lang='grc'><strong>3.</strong></span> <span class='ocrx_word' id='word_1_153' title='bbox 1217 1934 1246 1992; x_wconf 88' lang='lat'>5.</span> <span class='ocrx_word' id='word_1_154' title='bbox 1264 1933 1293 1994; x_wconf 84' lang='lat'>7.</span> 
     </span>
     <span class='ocr_line' id='line_1_16' title="bbox 160 2026 1293 2113; baseline 0.004 -22"><span class='ocrx_word' id='word_1_155' title='bbox 160 2026 216 2092; x_wconf 81' lang='grc' dir='ltr'>ἐπί</span> <span class='ocrx_word' id='word_1_156' title='bbox 238 2034 280 2112; x_wconf 79' lang='grc' dir='ltr'>τῇ</span> <span class='ocrx_word' id='word_1_157' title='bbox 304 2032 366 2092; x_wconf 82' lang='grc' dir='ltr'>τοῦ</span> <span class='ocrx_word' id='word_1_158' title='bbox 391 2026 586 2109; x_wconf 85' lang='grc' dir='ltr'><strong><em>ἀνόρώποο</em></strong></span> <span class='ocrx_word' id='word_1_159' title='bbox 610 2028 717 2112; x_wconf 79' lang='grc' dir='ltr'><strong><em>ὑγιείῃ</em></strong></span> <span class='ocrx_word' id='word_1_160' title='bbox 741 2049 778 2093; x_wconf 92' lang='grc' dir='ltr'>τε</span> <span class='ocrx_word' id='word_1_161' title='bbox 801 2029 859 2093; x_wconf 92' lang='grc' dir='ltr'>καί</span> <span class='ocrx_word' id='word_1_162' title='bbox 883 2031 1045 2113; x_wconf 81' lang='grc' dir='ltr'><strong><em>σωτηρίη.</em></strong></span> <span class='ocrx_word' id='word_1_163' title='bbox 1092 2050 1119 2096; x_wconf 91' lang='grc' dir='ltr'>ο.</span> <span class='ocrx_word' id='word_1_164' title='bbox 1139 2037 1169 2094; x_wconf 90' lang='grc'><strong>4.</strong></span> <span class='ocrx_word' id='word_1_165' title='bbox 1191 2036 1220 2095; x_wconf 87' lang='lat'>5.</span> <span class='ocrx_word' id='word_1_166' title='bbox 1244 2037 1293 2096; x_wconf 87' lang='lat'>12.</span> 
     </span>
     <span class='ocr_line' id='line_1_17' title="bbox 161 2128 1295 2217; baseline 0.003 -23"><span class='ocrx_word' id='word_1_167' title='bbox 161 2128 213 2195; x_wconf 87' lang='grc' dir='ltr'>όιὰ</span> <span class='ocrx_word' id='word_1_168' title='bbox 235 2130 300 2213; x_wconf 82' lang='grc' dir='ltr'>τὴν</span> <span class='ocrx_word' id='word_1_169' title='bbox 320 2134 442 2215; x_wconf 79' lang='grc' dir='ltr'><strong><em>χρῆσίν</em></strong></span> <span class='ocrx_word' id='word_1_170' title='bbox 475 2152 512 2195; x_wconf 86' lang='grc' dir='ltr'>τε</span> <span class='ocrx_word' id='word_1_171' title='bbox 546 2133 604 2195; x_wconf 91' lang='grc' dir='ltr'>καί</span> <span class='ocrx_word' id='word_1_172' title='bbox 631 2131 794 2214; x_wconf 80' lang='grc' dir='ltr'><strong><em>ἀνάγκην.</em></strong></span> <span class='ocrx_word' id='word_1_173' title='bbox 841 2151 867 2197; x_wconf 89' lang='lat' dir='ltr'><strong>c.</strong></span> <span class='ocrx_word' id='word_1_174' title='bbox 892 2138 922 2196; x_wconf 93' lang='grc'><strong>4.</strong></span> <span class='ocrx_word' id='word_1_175' title='bbox 947 2138 975 2196; x_wconf 90' lang='lat'><strong>5.</strong></span> <span class='ocrx_word' id='word_1_176' title='bbox 1003 2139 1042 2196; x_wconf 89' lang='grc'>14</span> <span class='ocrx_word' id='word_1_177' title='bbox 1086 2131 1126 2197; x_wconf 90' lang='grc' dir='ltr'>τό</span> <span class='ocrx_word' id='word_1_178' title='bbox 1160 2131 1295 2217; x_wconf 84' lang='grc' dir='ltr'><strong><em>εὕρημα</em></strong></span> 
     </span>
     <span class='ocr_line' id='line_1_18' title="bbox 160 2233 1294 2319; baseline 0.002 -20"><span class='ocrx_word' id='word_1_179' title='bbox 160 2235 242 2317; x_wconf 77' lang='grc' dir='ltr'><strong><em>μέγα</em></strong></span> <span class='ocrx_word' id='word_1_180' title='bbox 265 2253 302 2298; x_wconf 87' lang='grc' dir='ltr'>τε</span> <span class='ocrx_word' id='word_1_181' title='bbox 326 2235 384 2299; x_wconf 91' lang='grc' dir='ltr'>καί</span> <span class='ocrx_word' id='word_1_182' title='bbox 407 2233 539 2319; x_wconf 79' lang='grc' dir='ltr'><strong><em>πολλῆς</em></strong></span> <span class='ocrx_word' id='word_1_183' title='bbox 558 2237 710 2317; x_wconf 81' lang='grc' dir='ltr'><strong><em>σκέψιος.</em></strong></span> <span class='ocrx_word' id='word_1_184' title='bbox 747 2255 774 2301; x_wconf 90' lang='lat' dir='ltr'><strong>c.</strong></span> <span class='ocrx_word' id='word_1_185' title='bbox 790 2243 820 2299; x_wconf 95' lang='grc'><strong>4.</strong></span> <span class='ocrx_word' id='word_1_186' title='bbox 838 2242 867 2300; x_wconf 93' lang='grc'><strong>5.</strong></span> <span class='ocrx_word' id='word_1_187' title='bbox 887 2242 935 2300; x_wconf 92' lang='lat'>15.</span> <span class='ocrx_word' id='word_1_188' title='bbox 961 2236 994 2299; x_wconf 79' lang='grc' dir='ltr'>οἱ</span> <span class='ocrx_word' id='word_1_189' title='bbox 1008 2240 1080 2300; x_wconf 84' lang='grc' dir='ltr'>τῶν</span> <span class='ocrx_word' id='word_1_190' title='bbox 1095 2239 1294 2318; x_wconf 83' lang='grc' dir='ltr'><strong><em>γυμνασίων</em></strong></span> 
     </span>
     <span class='ocr_line' id='line_1_19' title="bbox 160 2337 1295 2423; baseline 0.002 -21"><span class='ocrx_word' id='word_1_191' title='bbox 160 2356 195 2403; x_wconf 89' lang='grc' dir='ltr'>τε</span> <span class='ocrx_word' id='word_1_192' title='bbox 216 2339 275 2403; x_wconf 94' lang='grc' dir='ltr'>καί</span> <span class='ocrx_word' id='word_1_193' title='bbox 298 2337 474 2421; x_wconf 84' lang='grc' dir='ltr'><strong><em>ἀσκησίων</em></strong></span> <span class='ocrx_word' id='word_1_194' title='bbox 498 2337 749 2423; x_wconf 83' lang='grc' dir='ltr'><strong><em>ἐπιμελόμενοι.</em></strong></span> <span class='ocrx_word' id='word_1_195' title='bbox 796 2359 823 2405; x_wconf 91' lang='lat' dir='ltr'><strong>c.</strong></span> <span class='ocrx_word' id='word_1_196' title='bbox 848 2344 878 2405; x_wconf 87' lang='grc'><strong>5.</strong></span> <span class='ocrx_word' id='word_1_197' title='bbox 903 2345 932 2405; x_wconf 90' lang='lat'>6.</span> <span class='ocrx_word' id='word_1_198' title='bbox 959 2345 1008 2404; x_wconf 89' lang='lat'><strong>18.</strong></span> <span class='ocrx_word' id='word_1_199' title='bbox 1043 2345 1086 2422; x_wconf 82' lang='grc' dir='ltr'>τῇ</span> <span class='ocrx_word' id='word_1_200' title='bbox 1109 2341 1227 2422; x_wconf 82' lang='grc' dir='ltr'><strong><em>κρήσει</em></strong></span> <span class='ocrx_word' id='word_1_201' title='bbox 1258 2359 1295 2404; x_wconf 91' lang='grc' dir='ltr'>τε</span> 
     </span>
     <span class='ocr_line' id='line_1_20' title="bbox 160 2440 1295 2526; baseline 0.001 -20"><span class='ocrx_word' id='word_1_202' title='bbox 160 2443 215 2506; x_wconf 91' lang='grc' dir='ltr'>καί</span> <span class='ocrx_word' id='word_1_203' title='bbox 236 2442 368 2526; x_wconf 80' lang='grc' dir='ltr'>ἑψήσει.</span> <span class='ocrx_word' id='word_1_204' title='bbox 414 2449 602 2508; x_wconf 86' lang='grc' dir='ltr'><strong>ο.7.7.18.</strong></span> <span class='ocrx_word' id='word_1_205' title='bbox 627 2443 692 2526; x_wconf 84' lang='grc' dir='ltr'>τὴν</span> <span class='ocrx_word' id='word_1_206' title='bbox 716 2442 807 2526; x_wconf 79' lang='grc' dir='ltr'><strong><em>ἀμφὶ</em></strong></span> <span class='ocrx_word' id='word_1_207' title='bbox 828 2441 912 2523; x_wconf 84' lang='grc' dir='ltr'><strong><em>τοὺς</em></strong></span> <span class='ocrx_word' id='word_1_208' title='bbox 935 2442 1135 2525; x_wconf 86' lang='grc' dir='ltr'><strong><em>κάμνοντας</em></strong></span> <span class='ocrx_word' id='word_1_209' title='bbox 1159 2440 1295 2507; x_wconf 87' lang='grc' dir='ltr'><strong><em>όίαιτόν</em></strong></span> 
     </span>
     <span class='ocr_line' id='line_1_21' title="bbox 158 2543 1295 2630; baseline 0.001 -21"><span class='ocrx_word' id='word_1_210' title='bbox 158 2564 192 2610; x_wconf 88' lang='grc' dir='ltr'>τε</span> <span class='ocrx_word' id='word_1_211' title='bbox 224 2547 283 2611; x_wconf 92' lang='grc' dir='ltr'>καί</span> <span class='ocrx_word' id='word_1_212' title='bbox 318 2548 462 2629; x_wconf 78' lang='grc' dir='ltr'><strong><em>τροφήν.</em></strong></span> <span class='ocrx_word' id='word_1_213' title='bbox 510 2566 536 2611; x_wconf 95' lang='lat' dir='ltr'><strong>c.</strong></span> <span class='ocrx_word' id='word_1_214' title='bbox 563 2553 590 2611; x_wconf 94' lang='grc'><strong>7.</strong></span> <span class='ocrx_word' id='word_1_215' title='bbox 615 2553 643 2612; x_wconf 94' lang='grc'><strong>7.</strong></span> <span class='ocrx_word' id='word_1_216' title='bbox 669 2551 721 2612; x_wconf 89' lang='grc'>24.</span> <span class='ocrx_word' id='word_1_217' title='bbox 759 2544 815 2611; x_wconf 75' lang='lat' dir='ltr'>dod</span> <span class='ocrx_word' id='word_1_218' title='bbox 848 2545 919 2629; x_wconf 82' lang='grc' dir='ltr'>τὴν</span> <span class='ocrx_word' id='word_1_219' title='bbox 947 2543 1144 2630; x_wconf 82' lang='grc' dir='ltr'><strong><em>όηριότητά</em></strong></span> <span class='ocrx_word' id='word_1_220' title='bbox 1177 2547 1295 2610; x_wconf 90' lang='grc' dir='ltr'><strong><em>τεκαὶ</em></strong></span> 
     </span>
     <span class='ocr_line' id='line_1_22' title="bbox 162 2648 1295 2733; baseline 0.001 -20"><span class='ocrx_word' id='word_1_221' title='bbox 162 2648 356 2733; x_wconf 72' lang='grc' dir='ltr'>ἀκρησίην.2</span> <span class='ocrx_word' id='word_1_222' title='bbox 402 2669 429 2715; x_wconf 88' lang='grc' dir='ltr'>ο.</span> <span class='ocrx_word' id='word_1_223' title='bbox 455 2655 503 2715; x_wconf 93' lang='grc'>17.</span> <span class='ocrx_word' id='word_1_224' title='bbox 528 2656 579 2716; x_wconf 90' lang='lat'>20.</span> <span class='ocrx_word' id='word_1_225' title='bbox 604 2656 634 2715; x_wconf 88' lang='grc'><strong>8.</strong></span> <span class='ocrx_word' id='word_1_226' title='bbox 669 2655 759 2715; x_wconf 88' lang='grc' dir='ltr'><strong><em>τοῖσι</em></strong></span> <span class='ocrx_word' id='word_1_227' title='bbox 781 2650 941 2714; x_wconf 85' lang='grc' dir='ltr'><strong><em>καύσοισί</em></strong></span> <span class='ocrx_word' id='word_1_228' title='bbox 966 2670 1003 2714; x_wconf 89' lang='grc' dir='ltr'>τε</span> <span class='ocrx_word' id='word_1_229' title='bbox 1031 2650 1089 2714; x_wconf 94' lang='grc' dir='ltr'>καί</span> <span class='ocrx_word' id='word_1_230' title='bbox 1112 2670 1295 2731; x_wconf 87' lang='grc' dir='ltr'><strong><em>περιπνεο-</em></strong></span> 
     </span>
     <span class='ocr_line' id='line_1_23' title="bbox 160 2752 1295 2837; baseline 0.001 -20"><span class='ocrx_word' id='word_1_231' title='bbox 160 2754 303 2837; x_wconf 85' lang='grc' dir='ltr'><strong><em>μονίησι.</em></strong></span> <span class='ocrx_word' id='word_1_232' title='bbox 351 2773 378 2818; x_wconf 96' lang='lat' dir='ltr'><strong>c.</strong></span> <span class='ocrx_word' id='word_1_233' title='bbox 403 2758 453 2818; x_wconf 90' lang='lat'>22.</span> <span class='ocrx_word' id='word_1_234' title='bbox 478 2760 529 2819; x_wconf 89' lang='grc'>26.</span> <span class='ocrx_word' id='word_1_235' title='bbox 553 2759 603 2818; x_wconf 94' lang='grc'>21.</span> <span class='ocrx_word' id='word_1_236' title='bbox 628 2752 692 2834; x_wconf 88' lang='grc' dir='ltr'>τὰς</span> <span class='ocrx_word' id='word_1_237' title='bbox 715 2752 912 2836; x_wconf 84' lang='grc' dir='ltr'><strong><em>ἀκρότητάς</em></strong></span> <span class='ocrx_word' id='word_1_238' title='bbox 934 2774 971 2817; x_wconf 88' lang='grc' dir='ltr'>τε</span> <span class='ocrx_word' id='word_1_239' title='bbox 994 2754 1053 2818; x_wconf 88' lang='grc' dir='ltr'>καὶ</span> <span class='ocrx_word' id='word_1_240' title='bbox 1076 2753 1181 2836; x_wconf 84' lang='grc' dir='ltr'><strong><em>ίσχόν.</em></strong></span> <span class='ocrx_word' id='word_1_241' title='bbox 1211 2773 1295 2835; x_wconf 86' lang='lat' dir='ltr'>quae</span> 
     </span>
     <span class='ocr_line' id='line_1_24' title="bbox 164 2856 1296 2939; baseline 0.001 -18"><span class='ocrx_word' id='word_1_242' title='bbox 164 2875 289 2939; x_wconf 90' lang='lat' dir='ltr'>summa</span> <span class='ocrx_word' id='word_1_243' title='bbox 305 2857 485 2923; x_wconf 85' lang='lat' dir='ltr'>diversitas</span> <span class='ocrx_word' id='word_1_244' title='bbox 502 2859 592 2923; x_wconf 91' lang='lat' dir='ltr'>nullo</span> <span class='ocrx_word' id='word_1_245' title='bbox 609 2857 706 2923; x_wconf 91' lang='lat' dir='ltr'>modo</span> <span class='ocrx_word' id='word_1_246' title='bbox 728 2877 819 2923; x_wconf 91' lang='lat' dir='ltr'>merc</span> <span class='ocrx_word' id='word_1_247' title='bbox 843 2875 925 2922; x_wconf 87' lang='lat' dir='ltr'>casu</span> <span class='ocrx_word' id='word_1_248' title='bbox 949 2856 1035 2922; x_wconf 88' lang='lat' dir='ltr'>ellici</span> <span class='ocrx_word' id='word_1_249' title='bbox 1052 2858 1176 2938; x_wconf 88' lang='lat' dir='ltr'>potuit;</span> <span class='ocrx_word' id='word_1_250' title='bbox 1200 2877 1296 2922; x_wconf 89' lang='lat' dir='ltr'>nemo</span> 
     </span>
     <span class='ocr_line' id='line_1_25' title="bbox 164 2959 1295 3043; baseline 0 -19"><span class='ocrx_word' id='word_1_251' title='bbox 164 2959 244 3025; x_wconf 93' lang='lat' dir='ltr'>enim</span> <span class='ocrx_word' id='word_1_252' title='bbox 268 2961 407 3043; x_wconf 81' lang='lat' dir='ltr'>negabit</span> <span class='ocrx_word' id='word_1_253' title='bbox 431 2961 626 3042; x_wconf 89' lang='lat' dir='ltr'>scriptorem</span> <span class='ocrx_word' id='word_1_254' title='bbox 649 2962 709 3026; x_wconf 93' lang='lat' dir='ltr'>illa</span> <span class='ocrx_word' id='word_1_255' title='bbox 736 2959 952 3027; x_wconf 85' lang='lat' dir='ltr'>construendi</span> <span class='ocrx_word' id='word_1_256' title='bbox 975 2960 1091 3038; x_wconf 86' lang='lat' dir='ltr'>forma,</span> <span class='ocrx_word' id='word_1_257' title='bbox 1126 2980 1192 3040; x_wconf 87' lang='lat' dir='ltr'>qua</span> <span class='ocrx_word' id='word_1_258' title='bbox 1216 2961 1295 3026; x_wconf 88' lang='lat' dir='ltr'>arti·</span> 
     </span>
     <span class='ocr_line' id='line_1_26' title="bbox 163 3063 1295 3144; baseline -0.001 -16"><span class='ocrx_word' id='word_1_259' title='bbox 163 3063 253 3129; x_wconf 88' lang='lat' dir='ltr'>culus</span> <span class='ocrx_word' id='word_1_260' title='bbox 292 3063 468 3144; x_wconf 73' lang='lat' dir='ltr'>particulis</span> <span class='ocrx_word' id='word_1_261' title='bbox 502 3084 539 3128; x_wconf 88' lang='grc' dir='ltr'>τε</span> <span class='ocrx_word' id='word_1_262' title='bbox 572 3066 632 3127; x_wconf 92' lang='grc' dir='ltr'>καί</span> <span class='ocrx_word' id='word_1_263' title='bbox 665 3063 834 3130; x_wconf 89' lang='lat' dir='ltr'>artissime</span> <span class='ocrx_word' id='word_1_264' title='bbox 869 3063 1004 3129; x_wconf 81' lang='lat' dir='ltr'>conexis</span> <span class='ocrx_word' id='word_1_265' title='bbox 1042 3082 1105 3126; x_wconf 91' lang='lat' dir='ltr'>non</span> <span class='ocrx_word' id='word_1_266' title='bbox 1144 3063 1295 3142; x_wconf 79' lang='lat' dir='ltr'>iteratur,</span> 
     </span>
     <span class='ocr_line' id='line_1_27' title="bbox 162 3165 1294 3248; baseline -0.001 -17"><span class='ocrx_word' id='word_1_267' title='bbox 162 3165 276 3232; x_wconf 90' lang='lat' dir='ltr'>mirum</span> <span class='ocrx_word' id='word_1_268' title='bbox 293 3171 455 3247; x_wconf 90' lang='lat' dir='ltr'>quantum</span> <span class='ocrx_word' id='word_1_269' title='bbox 472 3167 674 3233; x_wconf 91' lang='lat' dir='ltr'>delectatum</span> <span class='ocrx_word' id='word_1_270' title='bbox 692 3186 765 3233; x_wconf 89' lang='lat' dir='ltr'>esse</span> <span class='ocrx_word' id='word_1_271' title='bbox 782 3167 879 3247; x_wconf 88' lang='lat' dir='ltr'>eique</span> <span class='ocrx_word' id='word_1_272' title='bbox 895 3167 1125 3248; x_wconf 85' lang='lat' dir='ltr'>postposuisse</span> <span class='ocrx_word' id='word_1_273' title='bbox 1143 3167 1294 3231; x_wconf 88' lang='lat' dir='ltr'>alteram.</span> 
     </span>
     <span class='ocr_line' id='line_1_28' title="bbox 162 3269 1295 3356; baseline -0.001 -21"><span class='ocrx_word' id='word_1_274' title='bbox 162 3269 209 3337; x_wconf 88' lang='lat' dir='ltr'>his</span> <span class='ocrx_word' id='word_1_275' title='bbox 224 3271 378 3337; x_wconf 89' lang='lat' dir='ltr'>omnibus</span> <span class='ocrx_word' id='word_1_276' title='bbox 395 3270 539 3352; x_wconf 89' lang='lat' dir='ltr'>denique</span> <span class='ocrx_word' id='word_1_277' title='bbox 561 3271 777 3356; x_wconf 86' lang='lat' dir='ltr'>intellegitur,</span> <span class='ocrx_word' id='word_1_278' title='bbox 800 3271 834 3335; x_wconf 92' lang='lat' dir='ltr'>in</span> <span class='ocrx_word' id='word_1_279' title='bbox 857 3272 930 3336; x_wconf 93' lang='lat' dir='ltr'>loco</span> <span class='ocrx_word' id='word_1_280' title='bbox 947 3289 1050 3353; x_wconf 87' lang='lat' dir='ltr'>supra</span> <span class='ocrx_word' id='word_1_281' title='bbox 1071 3271 1173 3336; x_wconf 87' lang='lat' dir='ltr'>citato</span> <span class='ocrx_word' id='word_1_282' title='bbox 1189 3271 1295 3336; x_wconf 89' lang='lat' dir='ltr'>solam</span> 
     </span>
    </p>
   </div>
   <div class='ocr_carea' id='block_1_3' title="bbox 161 3557 1295 4314">
    <p class='ocr_par' dir='ltr' id='par_1_3' title="bbox 161 3557 1295 4143">
     <span class='ocr_line' id='line_1_29' title="bbox 245 3557 1295 3629; baseline -0.005 -15"><span class='ocrx_word' id='word_1_283' title='bbox 245 3559 255 3597; x_wconf 93' lang='lat'><strong>¹</strong></span> <span class='ocrx_word' id='word_1_284' title='bbox 274 3558 525 3614; x_wconf 81' lang='lat' dir='ltr'>Schneidcrus</span> <span class='ocrx_word' id='word_1_285' title='bbox 543 3562 562 3614; x_wconf 90' lang='lat' dir='ltr'><strong>l.</strong></span> <span class='ocrx_word' id='word_1_286' title='bbox 571 3561 590 3614; x_wconf 92' lang='grc'>1.</span> <span class='ocrx_word' id='word_1_287' title='bbox 609 3575 659 3627; x_wconf 85' lang='lat' dir='ltr'><strong>pg.</strong></span> <span class='ocrx_word' id='word_1_288' title='bbox 678 3559 758 3613; x_wconf 76' lang='lat'><strong>2311.</strong></span> <span class='ocrx_word' id='word_1_289' title='bbox 777 3561 796 3613; x_wconf 93' lang='lat' dir='ltr'><strong>l.</strong></span> <span class='ocrx_word' id='word_1_290' title='bbox 816 3559 912 3613; x_wconf 79' lang='lat' dir='ltr'>scribi</span> <span class='ocrx_word' id='word_1_291' title='bbox 929 3558 1014 3612; x_wconf 89' lang='lat' dir='ltr'>iubet</span> <span class='ocrx_word' id='word_1_292' title='bbox 1030 3557 1059 3610; x_wconf 83' lang='grc' dir='ltr'>τό</span> <span class='ocrx_word' id='word_1_293' title='bbox 1076 3558 1183 3629; x_wconf 78' lang='grc' dir='ltr'><strong><em>θερμόν</em></strong></span> <span class='ocrx_word' id='word_1_294' title='bbox 1205 3557 1295 3611; x_wconf 84' lang='grc' dir='ltr'><strong><em>τεκαὶ</em></strong></span> 
     </span>
     <span class='ocr_line' id='line_1_30' title="bbox 161 3643 1295 3716; baseline 0.002 -20"><span class='ocrx_word' id='word_1_295' title='bbox 161 3643 187 3697; x_wconf 78' lang='grc' dir='ltr'>τό</span> <span class='ocrx_word' id='word_1_296' title='bbox 203 3643 329 3716; x_wconf 63' lang='lat' dir='ltr'>poppa:</span> <span class='ocrx_word' id='word_1_297' title='bbox 348 3662 409 3699; x_wconf 91' lang='lat' dir='ltr'>non</span> <span class='ocrx_word' id='word_1_298' title='bbox 427 3647 587 3713; x_wconf 82' lang='lat' dir='ltr'>intellexit,</span> <span class='ocrx_word' id='word_1_299' title='bbox 614 3662 640 3698; x_wconf 84' lang='grc' dir='ltr'>τε</span> <span class='ocrx_word' id='word_1_300' title='bbox 657 3647 705 3699; x_wconf 84' lang='grc' dir='ltr'>καί</span> <span class='ocrx_word' id='word_1_301' title='bbox 726 3651 786 3699; x_wconf 85' lang='lat' dir='ltr'>tam</span> <span class='ocrx_word' id='word_1_302' title='bbox 804 3651 868 3699; x_wconf 88' lang='lat' dir='ltr'>arte</span> <span class='ocrx_word' id='word_1_303' title='bbox 886 3646 965 3699; x_wconf 90' lang='lat' dir='ltr'>inter</span> <span class='ocrx_word' id='word_1_304' title='bbox 982 3645 1105 3698; x_wconf 79' lang='lat' dir='ltr'>nomino</span> <span class='ocrx_word' id='word_1_305' title='bbox 1122 3646 1160 3698; x_wconf 88' lang='lat' dir='ltr'>iis</span> <span class='ocrx_word' id='word_1_306' title='bbox 1179 3649 1295 3698; x_wconf 88' lang='lat' dir='ltr'>tantum</span> 
     </span>
     <span class='ocr_line' id='line_1_31' title="bbox 161 3731 1294 3800; baseline 0 -17"><span class='ocrx_word' id='word_1_307' title='bbox 161 3731 231 3785; x_wconf 89' lang='lat' dir='ltr'>locis</span> <span class='ocrx_word' id='word_1_308' title='bbox 251 3733 399 3799; x_wconf 85' lang='lat' dir='ltr'>componi,</span> <span class='ocrx_word' id='word_1_309' title='bbox 418 3732 474 3786; x_wconf 90' lang='lat' dir='ltr'>ubi</span> <span class='ocrx_word' id='word_1_310' title='bbox 491 3737 609 3800; x_wconf 88' lang='lat' dir='ltr'>postero</span> <span class='ocrx_word' id='word_1_311' title='bbox 623 3733 758 3787; x_wconf 89' lang='lat' dir='ltr'>membro</span> <span class='ocrx_word' id='word_1_312' title='bbox 773 3733 891 3785; x_wconf 81' lang='lat' dir='ltr'>deesset</span> <span class='ocrx_word' id='word_1_313' title='bbox 903 3732 1058 3785; x_wconf 82' lang='lat' dir='ltr'>articulus.</span> <span class='ocrx_word' id='word_1_314' title='bbox 1087 3733 1181 3798; x_wconf 83' lang='lat' dir='ltr'>magis</span> <span class='ocrx_word' id='word_1_315' title='bbox 1194 3731 1233 3784; x_wconf 83' lang='lat' dir='ltr'>ad</span> <span class='ocrx_word' id='word_1_316' title='bbox 1245 3747 1294 3784; x_wconf 87' lang='lat' dir='ltr'>ve-</span> 
     </span>
     <span class='ocr_line' id='line_1_32' title="bbox 161 3815 1294 3887; baseline 0.001 -17"><span class='ocrx_word' id='word_1_317' title='bbox 161 3832 227 3871; x_wconf 88' lang='lat' dir='ltr'>rum</span> <span class='ocrx_word' id='word_1_318' title='bbox 240 3819 363 3884; x_wconf 81' lang='lat' dir='ltr'>accedit,</span> <span class='ocrx_word' id='word_1_319' title='bbox 377 3821 458 3886; x_wconf 92' lang='lat' dir='ltr'>quod</span> <span class='ocrx_word' id='word_1_320' title='bbox 468 3820 696 3872; x_wconf 89' lang='lat' dir='ltr'>Reinholdus</span> <span class='ocrx_word' id='word_1_321' title='bbox 709 3819 874 3886; x_wconf 89' lang='lat' dir='ltr'>proposuit,</span> <span class='ocrx_word' id='word_1_322' title='bbox 887 3816 915 3869; x_wconf 89' lang='grc' dir='ltr'>τό</span> <span class='ocrx_word' id='word_1_323' title='bbox 927 3835 953 3870; x_wconf 85' lang='grc' dir='ltr'>τε</span> <span class='ocrx_word' id='word_1_324' title='bbox 966 3817 1071 3887; x_wconf 75' lang='grc' dir='ltr'><strong><em>θερμόν</em></strong></span> <span class='ocrx_word' id='word_1_325' title='bbox 1082 3815 1129 3868; x_wconf 85' lang='grc' dir='ltr'>καὶ</span> <span class='ocrx_word' id='word_1_326' title='bbox 1139 3816 1167 3868; x_wconf 82' lang='grc' dir='ltr'>τό</span> <span class='ocrx_word' id='word_1_327' title='bbox 1176 3815 1294 3886; x_wconf 80' lang='grc' dir='ltr'>ψυχρόν.</span> 
     </span>
     <span class='ocr_line' id='line_1_33' title="bbox 161 3902 1294 3972; baseline 0 -16"><span class='ocrx_word' id='word_1_328' title='bbox 161 3902 212 3956; x_wconf 81' lang='lat' dir='ltr'>sed</span> <span class='ocrx_word' id='word_1_329' title='bbox 231 3919 301 3956; x_wconf 89' lang='lat' dir='ltr'>cum</span> <span class='ocrx_word' id='word_1_330' title='bbox 318 3905 396 3957; x_wconf 89' lang='lat' dir='ltr'>hanc</span> <span class='ocrx_word' id='word_1_331' title='bbox 416 3907 579 3972; x_wconf 87' lang='lat' dir='ltr'>copulandi</span> <span class='ocrx_word' id='word_1_332' title='bbox 592 3908 718 3958; x_wconf 81' lang='lat' dir='ltr'>formam</span> <span class='ocrx_word' id='word_1_333' title='bbox 731 3905 877 3958; x_wconf 86' lang='lat' dir='ltr'>rariorem</span> <span class='ocrx_word' id='word_1_334' title='bbox 891 3920 956 3957; x_wconf 87' lang='lat' dir='ltr'>csse</span> <span class='ocrx_word' id='word_1_335' title='bbox 969 3905 1061 3957; x_wconf 87' lang='lat' dir='ltr'>altera</span> <span class='ocrx_word' id='word_1_336' title='bbox 1074 3903 1294 3957; x_wconf 88' lang='lat' dir='ltr'>ostenderimus</span> 
     </span>
     <span class='ocr_line' id='line_1_34' title="bbox 161 3990 1294 4058; baseline 0 -15"><span class='ocrx_word' id='word_1_337' title='bbox 161 4000 288 4058; x_wconf 78' lang='lat' dir='ltr'>cumque</span> <span class='ocrx_word' id='word_1_338' title='bbox 314 3990 410 4055; x_wconf 87' lang='lat' dir='ltr'>lectio,</span> <span class='ocrx_word' id='word_1_339' title='bbox 437 3996 471 4045; x_wconf 90' lang='lat' dir='ltr'>ut</span> <span class='ocrx_word' id='word_1_340' title='bbox 498 3992 593 4044; x_wconf 87' lang='lat' dir='ltr'>estin</span> <span class='ocrx_word' id='word_1_341' title='bbox 612 3991 709 4056; x_wconf 80' lang='lat' dir='ltr'>libris,</span> <span class='ocrx_word' id='word_1_342' title='bbox 728 3991 818 4057; x_wconf 89' lang='lat' dir='ltr'>plane</span> <span class='ocrx_word' id='word_1_343' title='bbox 838 3994 981 4043; x_wconf 82' lang='lat' dir='ltr'>consonet</span> <span class='ocrx_word' id='word_1_344' title='bbox 999 4006 1067 4042; x_wconf 88' lang='lat' dir='ltr'>cum</span> <span class='ocrx_word' id='word_1_345' title='bbox 1087 3990 1216 4042; x_wconf 88' lang='lat' dir='ltr'>auctoris</span> <span class='ocrx_word' id='word_1_346' title='bbox 1234 4005 1294 4043; x_wconf 90' lang='lat' dir='ltr'>usu</span> 
     </span>
     <span class='ocr_line' id='line_1_35' title="bbox 162 4075 1294 4143; baseline -0.001 -15"><span class='ocrx_word' id='word_1_347' title='bbox 162 4075 352 4141; x_wconf 69' lang='lat' dir='ltr'>creberrima</span> <span class='ocrx_word' id='word_1_348' title='bbox 380 4077 457 4129; x_wconf 90' lang='lat' dir='ltr'>nihil</span> <span class='ocrx_word' id='word_1_349' title='bbox 484 4079 640 4142; x_wconf 65' lang='lat' dir='ltr'>habemus</span> <span class='ocrx_word' id='word_1_350' title='bbox 664 4094 718 4130; x_wconf 90' lang='lat' dir='ltr'>cur</span> <span class='ocrx_word' id='word_1_351' title='bbox 737 4078 875 4130; x_wconf 88' lang='lat' dir='ltr'>codicum</span> <span class='ocrx_word' id='word_1_352' title='bbox 894 4078 1074 4143; x_wconf 88' lang='lat' dir='ltr'>scripturam</span> <span class='ocrx_word' id='word_1_353' title='bbox 1092 4077 1294 4128; x_wconf 88' lang='lat' dir='ltr'>immutemus.</span> 
     </span>
    </p>

    <p class='ocr_par' dir='ltr' id='par_1_4' title="bbox 162 4160 1294 4314">
     <span class='ocr_line' id='line_1_36' title="bbox 247 4160 1293 4226; baseline -0.002 -11"><span class='ocrx_word' id='word_1_354' title='bbox 247 4160 260 4198; x_wconf 86' lang='lat'><em>²</em></span> <span class='ocrx_word' id='word_1_355' title='bbox 277 4161 321 4215; x_wconf 83' lang='lat' dir='ltr'>sic</span> <span class='ocrx_word' id='word_1_356' title='bbox 335 4166 380 4214; x_wconf 88' lang='lat' dir='ltr'>est</span> <span class='ocrx_word' id='word_1_357' title='bbox 394 4164 591 4217; x_wconf 89' lang='lat' dir='ltr'>scribendum</span> <span class='ocrx_word' id='word_1_358' title='bbox 605 4179 674 4216; x_wconf 89' lang='lat' dir='ltr'>cum</span> <span class='ocrx_word' id='word_1_359' title='bbox 687 4164 790 4215; x_wconf 88' lang='lat' dir='ltr'>codice</span> <span class='ocrx_word' id='word_1_360' title='bbox 803 4163 969 4215; x_wconf 86' lang='lat' dir='ltr'>Marciano:</span> <span class='ocrx_word' id='word_1_361' title='bbox 981 4162 1293 4226; x_wconf 75' lang='lat' dir='ltr'>KuehleweiniuS,</span> 
     </span>
     <span class='ocr_line' id='line_1_37' title="bbox 162 4242 1294 4314; baseline -0.002 -14"><span class='ocrx_word' id='word_1_362' title='bbox 162 4242 293 4301; x_wconf 66' lang='lat' dir='ltr'>auctoris</span> <span class='ocrx_word' id='word_1_363' title='bbox 320 4248 352 4300; x_wconf 92' lang='lat' dir='ltr'>in</span> <span class='ocrx_word' id='word_1_364' title='bbox 380 4249 435 4300; x_wconf 88' lang='lat' dir='ltr'>huc</span> <span class='ocrx_word' id='word_1_365' title='bbox 463 4266 496 4301; x_wconf 88' lang='lat' dir='ltr'>re</span> <span class='ocrx_word' id='word_1_366' title='bbox 523 4265 613 4302; x_wconf 91' lang='lat' dir='ltr'>usum</span> <span class='ocrx_word' id='word_1_367' title='bbox 640 4250 792 4314; x_wconf 67' lang='lat' dir='ltr'>ignorans</span> <span class='ocrx_word' id='word_1_368' title='bbox 820 4248 955 4300; x_wconf 85' lang='lat' dir='ltr'>codicem</span> <span class='ocrx_word' id='word_1_369' title='bbox 973 4248 1000 4298; x_wconf 83' lang='lat' dir='ltr'><strong>A</strong></span> <span class='ocrx_word' id='word_1_370' title='bbox 1027 4251 1148 4299; x_wconf 90' lang='lat' dir='ltr'>secutus</span> <span class='ocrx_word' id='word_1_371' title='bbox 1170 4251 1222 4311; x_wconf 88' lang='lat' dir='ltr'>est,</span> <span class='ocrx_word' id='word_1_372' title='bbox 1241 4247 1294 4314; x_wconf 81' lang='lat' dir='ltr'>qui</span> 
     </span>
    </p>
   </div>
   <div class='ocr_carea' id='block_1_4' title="bbox 160 4326 1173 4467">
    <p class='ocr_par' dir='ltr' id='par_1_5' title="bbox 160 4326 1173 4467">
     <span class='ocr_line' id='line_1_38' title="bbox 160 4326 1045 4400; baseline -0.005 -13"><span class='ocrx_word' id='word_1_373' title='bbox 160 4337 264 4388; x_wconf 76' lang='lat' dir='ltr'>contra</span> <span class='ocrx_word' id='word_1_374' title='bbox 281 4334 416 4400; x_wconf 82' lang='lat' dir='ltr'>regulam</span> <span class='ocrx_word' id='word_1_375' title='bbox 436 4336 597 4387; x_wconf 87' lang='lat' dir='ltr'>articulum</span> <span class='ocrx_word' id='word_1_376' title='bbox 615 4333 661 4396; x_wconf 75' lang='grc' dir='ltr'>τόν</span> <span class='ocrx_word' id='word_1_377' title='bbox 679 4332 803 4386; x_wconf 82' lang='lat' dir='ltr'>exhibet</span> <span class='ocrx_word' id='word_1_378' title='bbox 821 4338 889 4384; x_wconf 90' lang='lat' dir='ltr'>ante</span> <span class='ocrx_word' id='word_1_379' title='bbox 908 4326 1045 4400; x_wconf 74' lang='grc' dir='ltr'><strong><em>ιῖκργσίην.</em></strong></span> 
     </span>
     <span class='ocr_line' id='line_1_39' title="bbox 1155 4415 1173 4467; baseline 0 0"><span class='ocrx_word' id='word_1_380' title='bbox 1155 4415 1173 4467; x_wconf 83' lang='grc'><strong>7</strong></span> 
     </span>
    </p>
   </div>
   <div class='ocr_carea' id='block_1_5' title="bbox 0 0 1466 4980">
    <p class='ocr_par' dir='ltr' id='par_1_6' title="bbox 0 0 1466 4980">
     <span class='ocr_line' id='line_1_40' title="bbox 0 0 1466 4980; baseline 0 0"><span class='ocrx_word' id='word_1_381' title='bbox 0 0 1466 4980; x_wconf 95' lang='lat' dir='ltr'> </span> 
     </span>
    </p>
   </div>
  </div>
 </body>
</html>
