2918 4980
686 361 902 421 ,10-

712 544 823 629 Caput
846 546 876 612 I.

291 652 342 715 De
359 650 664 734 argumentandi
677 651 1064 731 consonantiapauea
1077 651 1267 729 afferemus,
1280 649 1366 729 quia

227 773 292 820 non
331 759 397 819 tam
436 755 595 820 historiae
634 753 823 819 medieinali
862 773 960 834 quam
1000 754 1200 837 philologiae
1240 754 1363 818 damus

226 877 372 939 operam.
419 877 608 923 eommunes
633 861 709 922 sunt
731 857 795 922 illis
819 857 953 938 seriptis
978 858 1141 937 quaedam
1171 858 1362 923 morborum

226 961 467 1041 descriptiones
490 959 595 1043 (velut
629 980 659 1040 p.
682 979 723 1024 m.
745 980 771 1025 o.
799 965 846 1025 19.
872 966 1031 1025 nal-6.
1067 967 1100 1024 et
1135 980 1164 1025 a.
1188 980 1217 1024 a.
1240 962 1303 1024 le.
1332 965 1363 1025 8.

225 1068 434 1142 45.19-21;
470 1062 510 1128 de
533 1083 564 1144 p.
583 1083 623 1127 m.
641 1082 668 1127 o.
696 1069 743 1127 16.
770 1068 818 1128 18.
843 1069 884 1128 20
898 1083 969 1144 sqq.
1005 1069 1038 1128 el
1069 1084 1098 1128 a.
1117 1082 1145 1127 a.
1164 1065 1183 1128 l.
1208 1082 1234 1128 e.
1252 1069 1282 1127 8.
1306 1070 1362 1128 44.

228 1172 267 1231 15
281 1184 367 1247 sqq.;
399 1186 429 1246 p.
447 1185 487 1230 nr.
513 1186 539 1231 o.
561 1171 607 1230 19.
633 1172 800 1247 226εαα.
826 1173 859 1231 et
882 1186 995 1247 praen.
1020 1186 1047 1231 e.
1072 1171 1122 1231 23.
1149 1167 1365 1247 103.4sq‹1.),

226 1289 313 1350 quae
347 1269 512 1335 interdum
548 1269 589 1334 ad
622 1269 759 1334 verbum
783 1270 940 1335 videnlur
963 1289 1155 1350 expressae,
1179 1270 1365 1334 eommunis

227 1373 326 1439 etiam
352 1378 451 1439 aeuta
475 1381 576 1454 alque
600 1392 722 1439 severa
743 1379 775 1438 el
792 1374 933 1440 bominis
950 1380 983 1438 et
999 1381 1140 1439 naturae
1158 1372 1364 1438 observatio.

225 1497 328 1543 unum
352 1483 481 1542 tantum
507 1496 643 1542 neeesse
668 1483 719 1543 est
744 1478 936 1544 aoeuratius
960 1496 1134 1558 exponam,
1163 1478 1243 1558 quia
1259 1497 1310 1541 me
1328 1477 1363 1542 in

224 1583 347 1647 haere
372 1600 392 1646 a
415 1580 668 1647 Kuehleweinio
692 1580 856 1646 dissidere
880 1581 999 1646 faleor.
1045 1585 1122 1646 sunt
1148 1581 1245 1660 enim,
1281 1586 1320 1644 ut
1345 1601 1363 1645 e

225 1686 298 1751 loeo
322 1685 509 1750 oertissimo
534 1683 699 1767 egrediar,
733 1685 767 1748 in
801 1684 884 1749 libro
908 1683 948 1749 de
973 1703 1002 1749 a.
1020 1704 1048 1749 a.
1066 1685 1086 1748 l.
1110 1685 1175 1749 loei
1198 1685 1363 1764 nonnulli,

225 1787 344 1868 quibus
378 1787 467 1852 baud
503 1787 657 1870 ambigue
692 1792 810 1852 auctor
843 1786 994 1869 disputat
1031 1791 1150 1851 eontra·
1183 1787 1269 1867 illos,
1305 1789 1363 1868 qui

226 1909 463 1972 quemeumque
487 1890 638 1956 morbum
662 1891 777 1956 divina
799 1910 904 1956 eausa
920 1897 1035 1957 natum
1052 1909 1125 1955 esse
1142 1890 1361 1956 contendunt.

225 1997 303 2060 sunt
341 1998 452 2059 autem
490 1995 564 2073 loci,
609 1995 664 2074 qui
702 1994 905 2060 verbotenus
943 1994 1142 2074 excerpendi
1180 1999 1268 2075 sunt,
1310 1996 1361 2059 bi:

225 2098 256 2181 1)
281 2118 307 2164 o.
332 2103 361 2163 3.
384 2103 434 2162 36.
448 2103 543 2163 2-4.
567 2099 658 2162 ποῖαί
679 2118 716 2162 νε
739 2095 928 2162 παιδίοισιν
951 2097 1152 2162 ἐπιπίπτειν
1176 2098 1363 2181 σπασμούς

223 2226 260 2270 νε
284 2205 342 2270 καί
366 2202 534 2286 ἄσθματα
557 2205 616 2268 καί
639 2202 661 2268 ἃ
683 2202 862 2287 νομίζουσι
885 2203 925 2268 vd
946 2201 1046 2268 deleo
1062 2209 1175 2268 ποιεῖν
1191 2205 1249 2268 καὶ
1266 2205 1364 2288 ἱερὴν

223 2312 352 2373 νοῦσον
375 2308 500 2372 είναι“;
536 2307 566 2372 b.
591 2307 611 2372 l.
641 2307 712 2372 sine
741 2308 811 2373 ulla
833 2307 1077 2388 vituperatione
1101 2307 1141 2372 de
1164 2307 1221 2372 illo
1245 2309 1362 2373 morbo

224 2410 386 2492 loquitur:
410 2415 523 2476 tamen
547 2430 589 2475 ex
608 2411 722 2490 verbo,
747 2410 833 2490 quod
851 2415 903 2475 est
917 2408 1097 2492 νομίζουσι
1112 2411 1196 2477 satis
1213 2412 1362 2478 auetoris

225 2515 265 2580 de
289 2512 434 2579 credulis
451 2513 639 2578 hominibus
654 2512 809 2578 iudioium
828 2513 1048 2596 eognosoitur.
1073 2513 1131 2580 sed
1148 2515 1244 2598 longe
1262 2515 1363 2580 aliter

225 2618 352 2684 duobus
377 2618 453 2684 aliis
476 2617 559 2683 loeis
583 2617 744 2698 disputat:
780 2616 813 2698 2)
836 2636 864 2682 e.
881 2622 932 2682 22.
951 2623 1152 2683 64.12-18.
1199 2616 1231 2701 3)
1255 2639 1282 2684 e.
1306 2624 1359 2684 22.

224 2725 275 2785 65.
289 2726 340 2786 20.
376 2721 486 2801 priore
518 2720 590 2785 loeo
618 2720 763 2801 loquitur
792 2719 832 2784 de
856 2740 895 2784 eo
920 2721 1032 2786 morbo
1056 2721 1204 2786 virorum
1228 2721 1360 2804 Scythi-

223 2845 348 2904 corum,
379 2844 444 2906 quo
479 2823 661 2890 seeundum
684 2823 900 2890 Homericum
922 2823 1002 2889 illud
1028 2822 1061 2906 (ί
1076 2823 1152 2907 246)
1175 2823 1362 2908 φιλοτήσια

221 2925 304 3010 ἔργα
327 2928 569 3010 impediuntur:
601 2927 720 3010 οἱμὲν
744 2925 806 2992 οὗν
830 2927 1007 3010 ἐπιχώριοι
1029 2928 1094 3011 τὴν
1117 2929 1230 3012 αἰτίην
1254 2949 1361 3009 προα-

220 3029 361 3097 ιιιίέααι
393 3030 468 3116 θεῷ
503 3033 561 3096 καί
585 3029 745 3114 σέβονται
768 3032 917 3113 τούτους
940 3031 1023 3112 τοὺς
1046 3030 1262 3113 ἀνθρώπους
1286 3083 1293 3097 .
1319 3083 1326 3098 .
1353 3085 1360 3100 .

220 3135 300 3218 ἐμοὶ
334 3134 371 3201 δὲ
405 3136 464 3200 ναί
499 3135 594 3220 αὐτῷ
626 3133 853 3200 ὁοιιεῖιαῦια
876 3135 920 3200 τὰ
944 3133 1168 3200 addendam
1191 3136 1278 3200 είναι
1302 3140 1362 3202 καί

222 3237 334 3305 τᾶλλα
357 3240 476 3304 πάντα
499 3240 557 3312 καὶ
580 3237 682 3304 οὐδὲν
705 3239 821 3322 ἕτερον
845 3239 963 3321 ἑτέρον
987 3238 1167 3322 θειότερον
1199 3238 1279 3304 οὐδὲ
1303 3240 1361 3305 ἀν-

223 3341 510 3425 θρωπινώτερον,
535 3340 623 3407 ἀλλὰ
646 3342 764 3406 πάντα
788 3342 893 3425 ὁμοῖα
909 3343 967 3406 καί
982 3343 1100 3407 πάντα
1116 3341 1206 3407 delo.
1231 3343 1362 3410 ἕκαστα

224 3445 260 3512 dd
295 3447 412 3512 αὐτῶν
446 3445 511 3529 ἔχει
546 3447 650 3529 φύσιν
678 3447 742 3530 τὴν
766 3446 899 3511 ἑαυτοῦ
924 3447 982 3510 καὶ
1006 3444 1106 3511 οὐδὲν
1131 3445 1212 3512 ἄνευ
1237 3448 1364 3531 φύσιος

223 3553 384 3631 pineum&
414 3552 520 3615 altero
543 3551 616 3616 loeo
641 3551 776 3616 disserit
799 3550 839 3614 de
865 3551 1001 3615 mirifico
1025 3551 1092 3631 illo,
1116 3551 1203 3631 quod
1228 3571 1363 3633 semper

311 3690 319 3724 ¹
347 3687 446 3740 morbi
473 3688 551 3740 sacri
578 3687 700 3739 nomine
728 3687 872 3754 appellari
901 3687 1076 3753 epilepsiam
1105 3704 1195 3754 quam
1219 3703 1363 3742 vocamus

226 3779 331 3828 nolum
351 3778 404 3827 est.

310 3861 321 3896 2
351 3863 385 3913 ei.
403 3861 541 3913 Erotiani
559 3860 695 3913 scholion
713 3859 843 3926 (Vooum
856 3859 1140 3925 Hippocratiearum
1154 3859 1294 3913 Oolleetio
1314 3863 1363 3915 ed.

223 3949 324 4016 Klein)
347 3964 395 4015 pg.
415 3949 439 4013 8,
467 3948 549 4014 quod
567 3948 640 3999 haee
660 3946 752 3998 verba
770 3947 924 3997 immutata
943 3944 1077 3998 exhibet:
1106 3945 1132 3997 οί
1149 3945 1196 4008 τήν
1214 3940 1364 4012 ἐπιληψίαν

221 4039 299 4086 θεῖον
318 4032 436 4104 οἰόμενοι
453 4033 582 4101 εἰρῆσθαι
601 4031 648 4084 οὐκ
668 4028 828 4100 ἀνέγνωσαν
846 4031 890 4081 τὸν
910 4029 1007 4099 ἄνδρα·
1036 4034 1118 4100 ῥητῶς
1141 4032 1195 4102 ydp
1224 4030 1299 4088 αὐτὸς
1317 4030 1364 4086 ἑν-

222 4119 292 4172 adde
303 4119 441 4191 μέμφεται
453 4121 511 4176 rods
530 4121 702 4186 θεόπεμπτον
720 4115 897 4188 ὀνομάζοντας
909 4118 936 4169 τὸ
951 4117 1039 4174 πάθος
1052 4118 1084 4171 δι’
1099 4112 1139 4172 οἷν
1152 4137 1243 4189 φησιν·
1262 4115 1339 4174 οὐδὲ
1347 4144 1363 4174 ν

222 4208 250 4260 τί
267 4227 322 4277 μοι
340 4210 403 4260 τοῖν
422 4208 672 4260 ιῖίλωνινούσων
691 4204 797 4259 δοκέει
818 4203 968 4274 θειοτέρα
987 4203 1078 4258 εἶναι
1097 4203 1167 4260 oo'd'
1188 4206 1362 4277 ἱερωτέρα,

224 4293 304 4345 ἄλλα
324 4294 425 4364 φύσιν
445 4293 514 4365 ἔχει
533 4292 569 4358 ἦν
587 4293 642 4346 καὶ
662 4292 695 4345 td
715 4292 811 4345 λοιπαὶ
831 4292 1024 4363 νονσὴμοιτα.
