2918 4980
615 329 833 392 --.64-.

157 516 190 581 16
214 517 234 580 l.
259 515 300 582 16
323 534 449 597 praem,
473 514 528 595 qui
556 513 735 580 maximam
761 518 891 594 partem
907 513 1050 580 omnium
1066 513 1289 594 exemplorum

158 618 301 699 exhibet,
325 619 459 700 saepius
483 638 523 683 ex
547 617 663 683 iisdem
689 617 800 682 verbis
823 617 978 682 infinitivi
1002 616 1156 698 pendent.
1184 631 1186 637 ’

242 722 288 786 Π.
316 721 551 787 infinitivus
575 741 658 786 cum
684 721 857 786 articulo
881 721 1135 787 coniunctus:
1162 720 1204 794 Ι16
1239 720 1291 784 1116

159 825 320 890 infinitivo
343 824 531 890 adhibendo
556 832 674 889 auctor
697 824 717 888 l.
735 823 775 889 16
791 842 906 904 praeu.
925 824 1058 889 excellit
1075 842 1158 904 prae
1174 823 1292 888 ceteris

158 928 300 1009 scriptis,
324 947 398 994 666
421 928 455 993 16
478 927 530 992 liis
554 927 688 1011 singula
710 928 863 1008 exempla
886 928 1051 1010 legantur.

180 1074 181 1078 =
244 1031 306 1095 ΙΙΙ.
342 1029 512 1110 666166,
547 1049 565 1094 6
600 1030 740 1111 661166
774 1030 972 1095 infinitivi
996 1029 1183 1112 pendent:
1209 1047 1293 1110 quae

159 1134 346 1215 disquisitio
382 1133 476 1199 uobis
501 1132 615 1198 maiori
651 1133 742 1198 lucro
777 1138 852 1198 erat
879 1133 1010 1212 ceteris,
1045 1152 1131 1213 quae
1165 1134 1199 1198 in
1234 1133 1294 1198 hoc

159 1239 268 1319 capite
303 1237 491 1303 attulimus:
527 1255 602 1300 nam
637 1236 670 1300 16
705 1236 832 1301 voculis
866 1234 1038 1317 κίνδυνος,
1072 1235 1180 1317 ἐλπίς,
1205 1235 1294 1316 εἰκός

162 1340 363 1423 usurpandis
398 1339 519 1423 singuli
543 1346 700 1405 auctores
736 1341 832 1424 longe
868 1359 888 1405 a
922 1359 958 1405 sc
983 1339 1121 1420 distant,
1155 1359 1230 1408 cum
1264 1340 1295 1404 iu

160 1447 179 1512 1.
197 1445 238 1512 16
253 1465 285 1526 p.
304 1464 344 1509 m.
368 1444 492 1508 nullum
517 1444 705 1524 exemplum
727 1444 923 1509 vocularum
946 1441 1110 1524 61616666
1133 1448 1167 1508 61
1189 1440 1295 1522 ἐλπίς,

160 1550 193 1614 16
218 1551 237 1615 l.
262 1548 302 1614 16
325 1567 439 1629 praen.
475 1547 601 1613 nullum
638 1547 823 1627 exemplum
847 1547 939 1612 vocis
969 1547 1061 1627 εἰκός
1095 1546 1296 1624 inveniatur,

162 1671 234 1718 cum
258 1657 375 1717 auctor
397 1651 417 1714 l.
442 1649 483 1714 16
507 1670 536 1715 a.
562 1669 591 1715 a.
616 1650 636 1714 1.
660 1650 762 1730 εἰκός,
786 1650 806 1715 l.
824 1649 863 1715 (16
884 1669 999 1730 praeu.
1024 1648 1121 1730 ἐλπίς
1144 1648 1296 1730 66611166

162 1755 360 1834 adhibuerit,
384 1773 457 1820 cum
482 1751 643 1834 κίνδυνος
671 1754 703 1819 16
727 1755 747 1819 l.
772 1753 813 1820 16
837 1773 866 1818 6.
892 1774 920 1820 a.
946 1756 965 1819 l.
991 1774 1122 1838 semper
1145 1772 1220 1821 cum
1248 1753 1296 1818 16-

162 1858 299 1938 finitivo,
333 1857 367 1921 in
402 1858 421 1921 l.
456 1857 497 1921 16
531 1876 645 1937 66666.
679 1856 848 1923 interdum
870 1858 971 1923 etiam
999 1877 1073 1925 cum
1107 1855 1297 1937 insequenti

162 1962 328 2042 particula
350 1962 399 2043 pq
422 1965 649 2027 construatur.

247 2065 324 2129 Hac
368 2083 403 2128 re
450 2063 605 2129 absoluta
650 2063 908 2145 disquisivimus
954 2063 1118 2144 6666616
1154 2063 1191 2128 'in‘
1229 2063 1298 2130 616-

163 2168 250 2252 gulis
298 2168 391 2232 libris
440 2169 663 2250 τεκμήριον
714 2173 941 2234 constructum
990 2168 1212 2235 inveniretur:
1265 2166 1299 2233 iu

163 2273 184 2339 l.
219 2271 259 2339 de
293 2292 325 2352 6.
359 2291 400 2336 6.
445 2271 527 2336 11161
574 2271 774 2337 vocabulum
819 2269 882 2351 ὅτι,
927 2271 961 2337 16
1005 2272 1025 2337 l.
1065 2271 1106 2337 16
1146 2289 1175 2336 a
1212 2289 1243 2336 a.
1278 2271 1299 2336 l.

164 2375 375 2441 enuntiatum
404 2374 445 2440 ab
474 2393 513 2439 66
537 2374 639 2439 verbo
666 2374 800 2439 minime
834 2374 983 2456 pendens
1017 2365 1232 2455 sequebatur,
1264 2373 1300 2440 in

163 2477 379 2561 prognostico
396 2477 488 2544 nulla
503 2478 638 2559 propria
654 2479 857 2545 constructio
879 2478 1067 2561 legebatur.
1105 2476 1301 2559 disputandi

165 2581 338 2658 materiam
352 2580 552 2646 uberrimam
567 2584 756 2663 accepimus
772 2582 979 2662 vocularum,
996 2600 1083 2662 quaa
1100 2580 1303 2648 adhibentur

163 2686 202 2751 16
233 2684 459 2752 enuntiatis
487 2684 792 2765 temporalibus,
816 2684 1056 2765 disquisitione,
1080 2685 1135 2750 hic
1157 2683 1304 2751 sufficiat

164 2789 281 2870 paucis
305 2788 594 2869 comprehendere,
629 2807 695 2868 qua
723 2788 847 2854 vocula
869 2788 1028 2869 imprimis
1052 2787 1208 2855 delectati
1234 2787 1303 2854 sint

165 2891 288 2974 singuli
312 2897 480 2956 auctores:
503 2890 537 2954 in
553 2890 573 2955 1.
591 2889 631 2955 16
647 2910 734 2970 66.
757 2892 866 2973 μέχρι,
890 2891 923 2956 16
940 2892 960 2955 l.
977 2891 1018 2957 16
1035 2910 1065 2956 6.
1082 2910 1113 2957 a.
1130 2893 1151 2956 l.
1168 2889 1246 2972 ἕως,
1268 2891 1304 2959 16

165 2997 185 3060 l.
203 2994 244 3060 16
259 3013 375 3075 praen.
391 2992 467 3058 doce
482 2994 624 3075 primum
641 2993 749 3059 locum
766 2994 953 3075 obtinebam
970 2992 1305 3077 6116661666,

165 3099 244 3166 161.
269 3097 309 3163 16
334 3117 363 3164 6.
390 3116 419 3163 6.
443 3098 463 3162 l.
488 3094 618 3161 ὁκόταν
640 3096 944 3178 praeponderabat.

250 3202 314 3271 His
331 3201 482 3267 omnibus
502 3201 700 3282 computatis
718 3220 816 3282 spero
839 3220 891 3266 66
916 3220 981 3266 666
1005 3201 1142 3269 multum
1166 3204 1307 3270 666616

164 3305 335 3373 161166611
373 3305 429 3370 via
456 3305 692 3370 aberraturum
726 3323 811 3384 6666,
846 3305 874 3372 si
909 3305 1107 3373 contendam
1141 3305 1203 3373 illa
1235 3304 1306 3373 tria

166 3410 291 3491 scripta
314 3407 417 3474 variis
441 3408 555 3474 deberi
578 3408 784 3474 auctoribus:
813 3409 897 3475 11666
928 3427 1058 3490 666666
1082 3427 1211 3478 66666
1239 3408 1307 3477 1611

165 3513 286 3593 prioris
303 3511 455 3593 opusculi
468 3511 584 3593 partis,
597 3531 663 3592 qua
676 3511 716 3576 16
733 3512 972 3579 vocabulorum
985 3510 1148 3579 electione
1162 3512 1306 3596 egimus.

167 3617 197 3683 si
230 3616 373 3697 1661666
407 3615 441 3681 16
464 3622 615 3681 extrema
637 3620 734 3696 parte
764 3614 867 3684 totius
891 3615 1191 3697 commentationis,
1216 3635 1308 3697 quae

167 3719 337 3787 destinata
371 3725 422 3786 cst
454 3719 641 3800 particulis,
679 3719 761 3786 illud
799 3718 972 3799 iudicium,
1007 3719 1096 3801 6661
1129 3721 1308 3801 permultis

167 3823 433 3904 quaestiunculis
457 3841 555 3903 quam
591 3822 842 3888 accuratissime
878 3823 1106 3903 latissimeque
1140 3823 1308 3892 institutis

167 3927 209 3996 de
231 3927 439 4013 singulorum
463 3927 623 3993 librorum
656 3924 766 3991 indole
789 3926 884 3992 nobis
918 3925 1093 3993 ferendum
1115 3926 1309 4014 videbatur,

168 4029 428 4111 confirmabitur,
452 4029 524 4095 fieri
546 4048 612 4095 non
635 4033 757 4109 potest,
781 4030 860 4110 quin
888 4028 1032 4098 iudicum
1057 4029 1188 4096 animos
1218 4049 1310 4097 com·

168 4154 330 4215 moveam,
366 4140 403 4200 ut
425 4153 519 4199 meae
549 4133 737 4199 sententiae
762 4129 1311 4216 66661661666666166166666

169 4259 234 4305 666
257 4239 352 4304 irrita
376 4239 447 4303 sine
471 4237 602 4317 effectu,
626 4237 684 4302 661
709 4237 861 4302 efficacia
883 4238 1085 4320 collegisse:
