2918 4980
608 325 845 386 -104-

158 511 192 575 in
216 511 235 574 l.
261 509 301 574 de
326 528 354 574 1.
380 529 409 574 a.
434 511 455 574 l.
479 512 539 575 καί
561 509 730 591 copiosius
755 510 971 588 adhibentur,
999 508 1031 590 b)
1061 507 1094 572 in
1118 506 1295 572 adiectivis

156 612 593 679 1111111111111
622 616 797 679 otranni
829 633 932 696 prope
967 613 1063 678 simili
1100 611 1197 677 modo
1232 629 1295 675 usu

159 716 308 796 veniunt,
332 717 364 781 in
388 717 408 781 l.
422 717 462 781 dc
477 737 505 797 p.
521 737 561 781 m.
579 736 692 782 omncs
710 717 770 782 loci
796 739 833 781 re
849 718 909 782 καί
924 716 1091 781 exhibent.
1138 714 1202 779 HI.
1227 719 1299 780 tum

161 840 235 887 cum
258 819 323 885 duo
347 820 560 886 substantiva
583 839 642 885 sou
666 820 835 886 adiectiva
852 839 924 885 cum
950 818 1091 884 articulo
1115 822 1297 883 conectun-

163 928 229 1003 tnr,
262 922 296 987 in
330 923 350 987 l.
376 922 416 987 (11
439 943 470 1004 p.
496 943 535 987 m.
561 923 756 1002 saepissimo
791 923 1009 987 inveniuntur
1043 925 1236 987 constructa
1264 920 1298 984 in

166 1023 252 1091 hunc
275 1024 421 1091 modum:
446 1026 479 1089 oi
495 1027 598 1089 κακοί
612 1046 649 1090 τε
664 1027 723 1090 acl
738 1023 894 1090 πλεῖστοι
911 1026 1031 1108 ἰητροί,
1051 1025 1084 1089 11
1102 1025 1121 1089 l.
1135 1024 1175 1088 do
1189 1043 1218 1089 a.
1232 1042 1264 1088 a.
1278 1024 1299 1087 1.

164 1131 277 1195 autem
300 1127 481 1194 secundnm
506 1130 568 1193 boc
581 1128 765 1210 exerirplar:
790 1128 875 1193 οἵτε
895 1128 997 1193 κακοὶ
1018 1128 1077 1192 καὶ
1094 1124 1302 1191 οἱπλεῖστοι

167 1232 288 1315 ἰητροί.
332 1233 391 1297 IV.
428 1232 459 1296 in
493 1232 597 1298 tribus
632 1232 863 1312 substantivis,
897 1251 956 1296 scu
992 1230 1177 1309 adiectiuis,
1212 1247 1302 1309 quae

166 1333 315 1400 articulis
351 1341 476 1414 carent,
511 1335 746 1416 componendis
775 1341 929 1401 auctores
953 1335 1111 1399 librorum
1137 1333 1176 1397 de
1201 1352 1231 1413 p.
1258 1351 1302 1396 m.

167 1441 201 1504 et
223 1438 396 1504 (11111.
422 1439 520 1504 valdo
545 1459 566 1504 a
589 1459 625 1505 sc
650 1439 824 1505 dissident:
848 1438 902 1505 hic
924 1439 1063 1519 primum
1089 1456 1207 1502 nomen
1225 1455 1303 1501 oum

167 1542 313 1608 secundo
349 1562 546 1624 componere
580 1544 663 1609 solet
701 1544 820 1609 vocula
853 1545 913 1608 καί
942 1544 1025 1621 sola,
1048 1541 1105 1606 ille
1128 1538 1305 1621 particulis

167 1665 204 1709 τε
219 1647 280 1709 καί
294 1645 488 1712 1111111111.
535 1654 704 1727 postremo
720 1646 852 1727 addam,
869 1647 969 1711 ctiam
987 1645 1106 1709 librum
1123 1644 1163 1708 dc
1183 1662 1303 1724 praen.

166 1747 200 1812 in
225 1748 377 1814 omnibus
400 1749 466 1814 illis
490 1750 590 1815 robus
614 1750 739 1831 aliquid
764 1748 1148 1820 dissimilitudiniscum
1182 1746 1307 1812 ceteris

169 1851 304 1932 scriptis
327 1852 463 1932 habere,
487 1853 527 1918 de
551 1872 619 1934 qua
641 1873 677 1918 re
702 1853 773 1919 suis
797 1853 880 1919 locis
905 1853 1064 1917 nonnulla
1081 1850 1307 1930 exposuimus

258 1953 353 2036 Quae
369 1960 545 2036 postquam
563 1956 882 2037 comprehendimus,
896 1955 1061 2036 reliquum
1074 1961 1134 2034 est,
1148 1959 1195 2031 nt,
1208 1972 1305 2032 quo-

169 2058 281 2123 modo
305 2063 428 2123 totam
453 2059 778 2139 disquisitionem
802 2056 1305 2137 adornaverimus,pancis

168 2165 414 2242 repetamus:
432 2181 507 2226 nam
524 2163 591 2227 iam
606 2182 660 2228 res
677 2183 716 2229 eo
732 2163 877 2228 deducta
893 2169 955 2242 cst,
971 2165 1008 2227 11
1023 2160 1174 2242 perorari
1186 2158 1304 2240 possit.

171 2265 338 2331 nonnullis
372 2266 413 2330 de
436 2267 631 2346 quacstione
658 2266 896 2349 Hippocratica
919 2267 1024 2347 deque
1049 2264 1304 2347 indagationum

170 2370 464 2452 grammaticarum
486 2369 629 2436 utilitate
651 2371 843 2453 prooemii
865 2371 937 2436 loco
959 2369 1155 2450 praemissis
1170 2368 1209 2431 in
1224 2366 1307 2448 pri-

173 2491 233 2536 ma
255 2478 368 2552 parte
393 2474 598 2540 ostendimus
622 2475 688 2540 tria
703 2475 761 2539 illa
778 2475 914 2555 scripta,
939 2492 1026 2554 quae
1043 2472 1085 2538 ad
1102 2470 1306 2551 disquisitio-

172 2594 232 2641 nes
257 2576 486 2644 accuratiores
510 2579 604 2643 nobis
628 2578 818 2662 selegimus,
846 2597 910 2643 non
935 2577 1048 2643 statim
1065 2575 1171 2656 primo
1187 2573 1308 2638 obtutu

172 2678 275 2744 variis
309 2680 444 2746 attribui
482 2700 581 2762 posse
620 2682 826 2761 auctoribus,
864 2700 937 2746 cum
976 2681 1009 2743 in
1049 2676 1307 2761 cogitationibus

170 2783 426 2864 praeceptisque
450 2785 489 2862 (c.
513 2784 543 2864 1)
578 2791 611 2850 11
644 2785 677 2849 11
712 2784 911 2864 quibusdam
946 2783 1047 2848 rebus
1079 2779 1308 2864 grammaticis

173 2885 297 2966 aliquid
322 2888 471 2952 concinni
492 2888 656 2953 haberent
671 2887 711 2968 (c.
728 2888 792 2969 Hl:
817 2887 933 2968 quain
950 2906 985 2950 11
1003 2883 1307 2950 demonstravimus

173 2989 248 3056 illos
284 2989 384 3055 libros
420 2998 578 3056 exaratos
610 3009 683 3055 csse
707 2993 820 3072 quinto
845 3009 874 3055 a.
900 2990 976 3056 Chr.
1003 3009 1033 3053 n.
1058 2988 1203 3065 saeculo,
1228 2986 1309 3066 quia

172 3093 261 3158 etin
284 3093 456 3158 vocabulis
480 3094 656 3176 πρόφασις
680 3101 713 3159 11
736 3094 855 3176 γνώμη
891 3092 1086 3158 adhibendis
1119 3090 1207 3155 etin
1231 3108 1307 3154 ver-

174 3196 289 3261 borum
323 3196 519 3277 repetitione
554 3198 688 3278 penitus
722 3198 809 3261 inter
844 3216 880 3262 so
907 3201 1140 3261 consonarent.
1187 3192 1308 3258 deinde

172 3300 484 3381 interpellationem,
502 3320 588 3381 quae
606 3302 665 3366 niti
677 3302 786 3382 potnit
797 3302 831 3366 11
845 3304 1115 3384 argumentorum
1131 3297 1308 3376 varietate,

172 3404 354 3470 refellimus
378 3405 636 3471 demonstrando
660 3405 700 3485 (c.
724 3407 792 3485 ΙΙΙ)
816 3425 857 3470 ex
880 3406 943 3470 hac
967 3424 1013 3484 re,
1050 3403 1113 3468 nisi
1145 3400 1309 3466 nonnulla

174 3508 333 3591 graviora
366 3507 560 3574 discrimina
594 3528 634 3573 ex
666 3508 796 3574 dicendi
821 3527 942 3592 genere
966 3508 1072 3588 petita
1096 3505 1309 3585 accederent,

78 3693 82 3700 Α
174 3612 263 3677 nullo
288 3611 383 3676 modo
407 3612 628 3696 colligendum
652 3631 737 3693 esse,
767 3613 826 3677 illa
849 3613 976 3692 scripta
1000 3615 1163 3690 concepta
1187 3627 1262 3673 csse
1287 3628 1310 3673 a

174 3715 277 3781 variis
302 3715 502 3780 auctoribus
549 3717 585 3779 in
622 3716 755 3780 altera
788 3722 919 3796 parte,
954 3734 1052 3796 qnam
1077 3712 1308 3778 distribuimus

174 3820 207 3883 in
244 3819 310 3883 tria
349 3837 455 3900 eaque
489 3819 654 3884 latissima
688 3821 810 3900 capita,
845 3819 985 3901 singulis
1022 3815 1310 3897 disquisitionibus

175 3922 402 4005 grammaticis
419 3924 642 4002 exposuimus,
666 3942 702 3987 re
718 3942 800 3987 vera
816 3923 891 3987 illos
908 3922 1011 3987 libros
1036 3939 1056 3986 1
1072 3918 1311 3984 diversissimis

175 4026 368 4091 auctoribus
403 4032 582 4106 conceptos
617 4045 706 4092 esse:
732 4026 945 4106 quamobrem
967 4025 1109 4106 primum
1132 4023 1166 4087 in
1190 4021 1310 4087 verbo·

174 4147 248 4194 rum
282 4129 476 4193 electionem
511 4128 551 4202 lc.
576 4127 616 4209 ll,
651 4127 770 4193 deinde
803 4129 837 4192 in
871 4128 1041 4192 modorum
1064 4144 1159 4191 nsum
1183 4123 1224 4204 (c.
1249 4124 1309 4207 ΙΙ),

174 4235 245 4298 tum
267 4231 301 4296 in
325 4232 511 4317 particulas
536 4232 680 4299 selectas
703 4231 937 4313 inquisivimus
962 4229 1098 4314 (1111).
1146 4247 1163 4293 1
1188 4228 1309 4308 quibus
