2918 4980
703 373 916 440 7-98*

246 555 367 621 codicis
393 555 554 621 Marciani
577 555 777 637 scripturam
802 575 873 620 curn
893 555 1040 620 auctoris
1063 555 1279 636 componendi
1304 574 1384 620 con-

246 658 421 724 suetudine
446 678 640 725 consonare.

331 762 447 845 Longe
465 761 563 827 aliter
579 762 703 827 ceteri
722 769 910 827 auctores
927 782 995 831 rem
1012 766 1214 827 tractavero.
1238 760 1382 842 primum

246 864 365 929 leviter
381 864 603 948 perstringam
626 883 732 944 usum,
757 864 812 944 qui
831 864 1031 930 observatur
1047 864 1079 928 in
1103 863 1184 929 libro
1209 863 1249 928 ne
1273 883 1384 943 aere,

247 967 378 1047 aquia,
396 968 511 1033 locis:
531 967 583 1032 hic
603 969 718 1032 novics
736 968 875 1050 legimus
890 969 979 1033 illam
994 968 1145 1048 formam,
1159 986 1257 1048 quam
1272 967 1385 1033 minus

246 1088 347 1150 saepe
370 1071 548 1151 usurpavit
581 1071 724 1151 scriptor
759 1071 831 1135 libri
856 1071 896 1136 tle
920 1092 950 1153 p.
974 1091 1027 1150 m,
1057 1071 1130 1136 dico
1154 1070 1385 1151 particulas

246 1193 288 1237 τε
311 1175 381 1238 καί
402 1174 621 1254 diremptas
644 1174 817 1239 articulo
842 1174 1004 1253 iterate,
1029 1178 1130 1254 atquc
1153 1173 1184 1237 iu
1203 1173 1386 1254 quinquies

247 1278 278 1340 in
303 1277 535 1357 substantivis,
560 1281 680 1356 quator
713 1277 744 1340 iu
772 1277 956 1343 adiectivis.
1002 1277 1085 1342 bace
1116 1288 1195 1342 sunt
1218 1278 1385 1357 exempla,

247 1398 333 1460 quae
357 1381 528 1464 leguntur3
552 1380 748 1460 incipiamus
773 1399 793 1444 a
816 1381 1103 1446 substantivis:
1127 1400 1154 1445 c.
1180 1385 1228 1444 12.
1253 1386 1304 1444 63.
1333 1386 1385 1446 12.

246 1483 309 1564 τὰς
332 1484 552 1566 pentagonis
576 1483 792 1566 συμπάντων
815 1488 887 1548 νῶν
910 1505 947 1548 τε
969 1484 1006 1548 ἐκ
1030 1489 1093 1568 τῆς
1115 1489 1177 1567 γῆς
1193 1484 1385 1566 ᾳνομένων

247 1589 398 1652 καὶτῶν
422 1585 635 1670 ἀνθρώπων.
671 1606 698 1651 c.
718 1593 833 1652 1253.
851 1593 999 1652 ata—54.
1019 1594 1044 1651 1.
1070 1586 1172 1652 ὕόοσι
1196 1636 1202 1651 .
1228 1637 1234 1651 .
1260 1636 1267 1650 .
1292 1593 1386 1650 τοῖσι

247 1711 285 1755 τε
315 1689 505 1773 οὐρανίοισι
535 1691 593 1755 καὶ
627 1696 701 1771 τοῖς
724 1690 761 1755 ἐκ
785 1696 848 1774 τῆς
870 1696 940 1775 γῆς.
987 1711 1013 1756 c.
1040 1696 1088 1755 12.
1114 1697 1164 1756 54.
1192 1697 1239 1755 13.
1275 1689 1312 1771 ἐς
1338 1690 1385 1755 τά

243 1816 281 1858 ιε
315 1792 406 1860 εἴδεα
440 1795 557 1860 αὐτῶν
584 1796 642 1860 καὶ
676 1794 719 1860 ιὰ
741 1792 899 1877 μεγέθεα.
946 1813 972 1859 c.
998 1800 1048 1859 20.
1074 1800 1123 1859 62.
1148 1801 1199 1858 23.
1234 1793 1318 1875 τούς
1346 1816 1385 1859 ιε

245 1894 364 1980 ὤμους
386 1899 445 1962 καὶ
467 1897 550 1978 τοὺς
571 1895 767 1980 βραχίονας.
811 1916 838 1961 c.
855 1903 906 1962 21.
924 1903 974 1962 63.
992 1902 1042 1961 24.
1066 1895 1087 1976 ἥ
1110 1916 1148 1960 τε
1170 1896 1296 1979 ιιιόιης
1319 1901 1385 1980 τῆς

247 1999 373 2082 σαρκὸς
386 2001 444 2064 καὶ
456 2001 521 2083 <ἡ>
534 2003 541 2038 ¹
554 1999 712 2083 ὑγρότης.
737 2019 825 2064 nunc
841 2006 1026 2080 sequantur
1042 1999 1260 2064 adiectiva:
1284 2019 1312 2064 c.
1330 2005 1383 2064 22.

245 2108 296 2166 66.
321 2108 370 2168 21.
395 2103 435 2167 τό
457 2124 494 2167 ιε
518 2101 636 2185 ἄγριον
660 2102 780 2167 καὶτὸ
804 2100 986 2186 θηριῶδες.
1026 2122 1052 2167 c.
1077 2109 1127 2166 24.
1153 2108 1203 2168 69.
1227 2108 1256 2167 8.
1280 2102 1321 2166 τό
1345 2124 1385 2168 ιε

247 2205 415 2288 στάσιμον
438 2208 496 2270 καὶ
519 2204 559 2270 τὸ
583 2204 737 2289 ὄμβριον.
784 2226 810 2271 c.
835 2212 885 2271 24.
910 2212 961 2271 70.
989 2213 1035 2270 15.
1071 2205 1112 2270 τό
1146 2225 1183 2270 ιε
1217 2203 1384 2290 ῥᾴθυμον

248 2309 305 2372 καὶ
328 2308 368 2373 τὸ
391 2309 559 2392 ὑιινηρόν,
594 2309 715 2390 quibus
750 2309 862 2374 verbis
885 2308 1031 2392 eleganti
1066 2309 1124 2373 illa
1151 2308 1384 2389 responsione,

248 2431 473 2494 quamsaepe
509 2419 543 2478 et
576 2414 764 2478 invenimus
798 2419 841 2493 ct,
875 2412 928 2478 ubi
954 2412 1141 2493 depravata
1168 2418 1251 2491 erat,
1285 2413 1384 2478 resti·

248 2516 381 2596 tuimuS,
417 2523 629 2597 opponuntur
656 2517 754 2581 baec:
790 2534 816 2580 c.
842 2520 893 2594 24,
918 2521 968 2580 70.
993 2521 1043 2580 20.
1079 2516 1119 2580 ιό
1143 2536 1180 2580 τε
1203 2514 1386 2597 ἐργατικὸν

248 2617 368 2683 καὶτὸ
392 2617 578 2702 ἄγρυπνον.
624 2618 680 2684 sed
717 2619 890 2684 alterius
922 2618 1070 2684 formae
1094 2618 1283 2698 copulandi,
1308 2638 1386 2699 qna

248 2742 288 2790 τε
312 2725 381 2787 καί
415 2729 502 2788 arte
530 2721 746 2787 coniuncta
769 2722 1026 2803 praebentur,
1062 2741 1162 2787 unum
1196 2723 1385 2803 exemplum

248 2826 417 2890 iuvenitur
433 2826 532 2907 idque
554 2845 617 2890 nou
634 2826 734 2907 plane
752 2844 939 2891 consonans
955 2844 1028 2889 curn
1055 2825 1201 2909 legitima
1224 2825 1282 2890 illa
1306 2843 1385 2890 eon-

252 2929 441 2994 suetudine:
476 2935 653 2995 ε.23.67.
680 2936 728 2994 17.
760 2928 800 2993 τὸ
824 2927 861 2993 δὲ
883 2929 1012 3012 ἥμερόν
1035 2950 1072 2994 ιε
1095 2929 1153 2992 καὶ
1176 2928 1292 3012 ἤπιον,
1328 2929 1386 2994 ubi

250 3032 416 3112 particula
451 3030 487 3096 ὁέ
522 3034 608 3097 alter
631 3032 792 3097 articulus
817 3031 980 3096 dirimitur
1014 3032 1055 3096 ab
1084 3031 1259 3112 adiectivo,
1294 3032 1384 3112 quod

250 3137 379 3201 attinet.
426 3137 539 3216 itaque
574 3137 627 3201 bic
662 3155 793 3216 quoque
817 3137 1034 3201 confirmatur
1055 3136 1202 3216 priorum
1226 3135 1384 3214 disquisi-

249 3240 375 3304 tionum
399 3239 474 3303 linis
498 3238 600 3304 libros
624 3239 664 3303 de
680 3259 711 3320 p.
729 3259 770 3302 m.
792 3244 825 3304 et
845 3239 885 3304 do
902 3257 932 3303 a.
951 3257 980 3302 a.
998 3238 1017 3302 l.
1042 3238 1156 3304 varios
1180 3256 1255 3303 esse
1279 3237 1384 3304 libros

249 3361 269 3407 a
293 3343 396 3407 variis
422 3341 612 3407 auctoribus
636 3346 822 3423 conceptos.
868 3341 1157 3422 operaepretium
1181 3348 1233 3406 est
1257 3339 1383 3406 adolere

248 3447 280 3510 in
304 3447 323 3509 l.
349 3446 389 3511 de
413 3465 442 3510 a.
461 3464 489 3509 a.
507 3445 527 3508 l.
552 3445 717 3510 interdum
743 3445 886 3510 inveniri
914 3444 1175 3510 construendi
1198 3444 1383 3524 proprie-

248 3559 384 3632 tatem,
419 3571 519 3632 quae
554 3571 744 3632 nusquam
778 3551 929 3634 legitur
961 3551 1000 3622 in
1035 3552 1056 3615 l.
1092 3549 1136 3615 de
1159 3571 1189 3632 p.
1214 3569 1271 3616 m:
1307 3550 1383 3616 dico

248 3656 537 3735 constructionem,
562 3674 627 3735 qua
650 3654 877 3735 particulare
900 3654 1015 3719 statim
1038 3660 1382 3734 postponatnrprae-

246 3759 416 3839 positioni;
452 3778 511 3824 nos
543 3764 654 3823 autem
686 3766 920 3838 exspectamus
944 3757 1144 3839 particulam
1167 3778 1204 3822 ιε
1226 3757 1381 3838 postponi

246 3863 349 3945 priori
362 3863 503 3928 articulo
537 3861 630 3928 cuius
648 3862 964 3943 copulationishaec
976 3862 1201 3928 observantur
1213 3862 1381 3942 exempla:

246 3986 273 4033 c.
297 3973 348 4033 22.
373 3972 423 4033 66.
448 3971 498 4030 20.
531 3965 602 4031 ὑπό
636 3969 758 4032 τετοῦ
782 3965 911 4048 ψύχεος
935 3966 993 4031 καὶ
1018 3969 1080 4030 τοῦ
1105 3966 1228 4030 abaco.
1276 3985 1302 4047 c.
1328 3971 1379 4031 23.

246 4124 451 4133 ——-

270 4221 274 4227 ¹
332 4206 400 4260 ¹sic
428 4205 523 4259 scribi
549 4205 648 4271 iubeo,
675 4205 805 4259 auctoris
834 4205 1033 4272 componendi
1060 4221 1119 4258 usu
1148 4209 1326 4259 commotus:
1345 4206 1379 4259 in

245 4295 400 4350 codicibus
421 4294 574 4347 secundus
594 4294 741 4346 articulus
761 4293 851 4347 deest.
