2918 4980
614 374 846 434 -101-

162 559 283 642 corrigi
309 558 453 624 videtur.
490 559 524 623 in
548 560 568 623 l.
593 559 633 624 de
657 579 688 640 p.
711 565 805 626 msc.
830 565 881 625 22.
906 567 957 626 ⁶29.
981 567 1010 627 4.
1035 562 1119 626 baec
1141 561 1298 644 leguntur

163 662 280 727 verba:
304 660 441 727 ἁπαλόν
467 683 504 727 τε
526 662 652 743 (sic-M,
678 663 705 727 A
736 661 785 744 δέ)
809 665 867 729 καὶ
890 663 1041 747 τειληλὸς
1071 665 1129 730 καὶ
1145 662 1296 746 ἔναιμον.

163 765 434 831 Kochleweinius
468 766 522 832 hic
544 766 668 832 codicis
692 767 724 833 A
756 768 956 847 scripturam
981 769 1153 849 amplexus
1177 774 1237 845 est,
1263 776 1297 831 ut

164 870 300 948 assolet,
318 873 511 948 commotus,
530 869 656 950 opinor,
670 873 764 934 recta
777 869 1027 951 deliberatione,
1039 872 1103 937 hoc
1116 870 1296 935 membrum

164 971 329 1037 enuntiati
355 972 513 1052 tripertiti
537 973 723 1053 oppositum
749 992 824 1038 esso
849 971 957 1054 alteri,
992 974 1078 1054 quod
1107 974 1244 1053 incipiat
1278 994 1299 1037 a

164 1075 299 1140 vocibus
326 1076 414 1158 μήτε
442 1076 581 1158 ι’σχορόν
649 1128 666 1157 .,
690 1077 831 1142 liniatur
849 1078 978 1142 voculis
1001 1079 1088 1161 μήτε
1111 1075 1298 1160 μαλθακόν

164 1201 199 1243 τε
214 1180 280 1243 παὶ
304 1177 436 1261 ἀραιόν,
466 1179 523 1244 sed
542 1199 615 1244 oum
633 1179 736 1244 codex
754 1181 797 1260 llll,
820 1199 916 1260 quom
941 1181 1005 1245 iam
1035 1181 1111 1246 alibi
1130 1181 1298 1261 optimum,

163 1303 235 1348 cum
264 1283 304 1348 de
331 1283 504 1362 particulis
528 1303 587 1348 sou
609 1285 669 1348 καί
691 1303 749 1348 seu
772 1304 809 1348 τε
825 1286 892 1349 -καί
914 1285 1155 1368 ambigebatur,
1180 1285 1296 1350 dueom

164 1387 390 1470 cognovimus,
436 1387 598 1468 praebeat
631 1388 832 1467 particulam
866 1408 913 1468 re,
955 1408 1022 1469 qua
1055 1389 1182 1455 inserta
1221 1408 1298 1453 con-

164 1509 287 1572 gruens
311 1510 385 1555 cum
410 1491 529 1556 ceteris
554 1491 792 1557 eiusdemmodi
816 1492 899 1558 locis
923 1493 1029 1558 forma
1058 1493 1209 1573 efficitur,
1234 1512 1298 1557 nou

163 1593 286 1673 dubit0,
323 1593 401 1675 quin
437 1595 465 1658 lr.
490 1596 510 1659 l.
547 1594 651 1659 codex
684 1595 1075 1661 Marcianus-meliorem
1111 1596 1300 1661 servaverit

163 1697 349 1777 lectionem,
374 1715 458 1777 quae
482 1698 513 1760 in
540 1701 633 1762 textu
656 1698 810 1778 ponenda
834 1705 895 1764 est.
939 1698 998 1764 sod
1023 1699 1077 1764 ubi
1101 1699 1247 1775 tandem,
1271 1699 1297 1762 si

159 1802 198 1865 τέ
221 1821 281 1882 pro
306 1798 342 1864 ὁέ
365 1800 551 1881 scribimus
575 1806 686 1866 manet
710 1801 948 1867 contradictio?
992 1802 1044 1867 his
1068 1822 1109 1867 on
1133 1801 1299 1885 angustiis

158 1903 225 1968 hoc
259 1907 310 1968 est
344 1903 564 1970 certissimum
600 1903 771 1988 effugium:
812 1911 888 1970 ante
923 1906 1122 1970 vocabulum
1162 1902 1299 1969 daucido

158 2007 306 2073 addatur
329 2005 426 2073 ἀλλά.
472 2007 521 2074 sic
555 2008 641 2074 enirn
675 2008 792 2074 fortior
815 2002 1045 2090 contradictio,
1080 2017 1167 2090 quae
1191 2010 1297 2074 allero

159 2112 351 2177 sententiae
376 2111 522 2175 membro
545 2112 745 2191 postulatur,
780 2112 903 2192 optimc
927 2111 1087 2177 redditur.
1133 2130 1212 2194 orgo
1248 2112 1296 2174 in-

158 2215 255 2280 itium
281 2214 380 2279 lmius
404 2214 567 2279 enuntiati
589 2215 696 2294 partis
729 2215 777 2279 ita
810 2214 1020 2280 scribendum
1049 2234 1123 2280 esse
1148 2220 1298 2279 autumo:

161 2315 237 2382 ἀλλ’
274 2315 409 2381 ἁπαλόν
443 2337 480 2381 τε
513 2317 571 2381 καὶ
605 2315 755 2400 τειληλὸς
788 2319 846 2382 καὶ
880 2316 1032 2401 ἔναιμον.
1077 2317 1199 2383 iudicio
1227 2329 1299 2382 meo

162 2421 400 2486 adminiculum
427 2419 566 2501 accedit,
583 2420 669 2501 quod
695 2421 863 2502 particula
885 2422 943 2487 illa
971 2422 1188 2487 adversativa
1212 2418 1299 2484 ἀλλά

163 2525 269 2590 oculis
305 2523 432 2588 librarii
465 2524 498 2588 in
532 2524 739 2604 insequentis
773 2525 867 2590 verbi
899 2525 1030 2590 initium
1065 2524 1299 2590 aberrantibus

163 2627 318 2694 facillimo
353 2627 459 2692 omitti
493 2628 607 2709 potuit.
653 2647 753 2709 quarn
786 2647 887 2709 saepe
922 2627 1066 2708 denique
1090 2633 1195 2692 caet
1219 2624 1300 2691 dea

164 2732 283 2798 scribis
324 2735 578 2811 conmmtentur,
624 2751 698 2797 cum
731 2751 830 2797 nemo
860 2731 1002 2814 ignoret,
1037 2749 1133 2796 nemo
1168 2750 1299 2812 quoque

165 2835 261 2900 huius
285 2834 395 2899 mendi
414 2834 633 2915 usitatissimi,
650 2835 737 2921 quod
752 2835 795 2899 in
813 2835 964 2900 omnibus
987 2835 1174 2900 litterarum
1192 2834 1298 2901 Grae·

164 2956 278 3004 carum
296 2938 486 3021 generibus,
510 2943 543 3003 et
564 2939 598 3004 in
614 2938 826 3020 pedestribus
851 2944 882 3004 et
906 2939 939 3003 in
956 2939 1097 3021 poeticis
1120 2939 1299 3017 invenitur,

165 3043 318 3122 exempla
341 3042 461 3126 exiget.

253 3145 306 3208 Ab
321 3153 392 3209 arte
404 3145 521 3210 critica
531 3144 716 3211 iactitanda
727 3145 904 3211 redeamus
917 3145 960 3210 ad
972 3145 1190 3225 propositum.
1205 3145 1303 3209 aliter

166 3249 309 3329 scriptor
326 3250 346 3312 l.
360 3247 401 3313 de
420 3266 527 3329 aere,
546 3248 676 3329 aquis,
695 3248 794 3315 locis
812 3268 881 3315 rem
898 3249 1012 3332 gessit,
1026 3248 1080 3313 ubi
1094 3249 1302 3314 contraria

166 3351 412 3417 consuetudo
437 3352 647 3417 observatur.
684 3352 725 3417 iis
743 3352 828 3417 enim
852 3352 944 3430 locis,
968 3352 1024 3417 ubi
1042 3352 1183 3432 primum
1202 3371 1301 3416 mom-

166 3456 257 3520 brum
283 3460 377 3520 caret
401 3455 554 3535 articulo,
589 3456 700 3521 omnia
725 3455 872 3521 membra
895 3456 1074 3520 coniuncta
1097 3462 1175 3520 sunt
1198 3455 1300 3535 parti·

166 3560 242 3624 cula
266 3560 323 3622 aci
346 3560 429 3639 sola,
463 3559 559 3625 cuius
583 3560 714 3642 generis
738 3560 821 3624 haec
844 3560 911 3624 sint
934 3559 1096 3640 eneurpla.
1136 3558 1303 3622 adiectiva

167 3669 352 3741 sequautur
367 3662 711 3727 substantivorum
729 3661 1021 3741 enumerationem,
1038 3681 1176 3742 quorum
1192 3680 1302 3741 pauca

167 3767 340 3849 leguntur:
372 3785 398 3830 e.
416 3771 445 3830 2.
463 3771 512 3830 34.
530 3770 560 3831 5.
584 3763 774 3849 φιλοπόται
796 3765 854 3829 καὶ
878 3763 1059 3848 ἀριστηταὶ
1081 3765 1139 3828 καὶ
1163 3763 1301 3829 ἀταλαί-

167 3890 290 3950 πωροι.
336 3887 362 3932 c.
388 3874 415 3933 3.
444 3873 494 3934 36.
521 3875 547 3933 7.
566 3865 798 3948 πλευρίτιδες
831 3868 890 3932 καὶ
923 3869 1211 3950 περιπνευμονίαι
1245 3866 1303 3930 καὶ

167 3976 300 4037 καῦσοι.
347 3977 598 4038 c.10.51.19.
633 3968 803 4054 βράγχους
833 3971 891 4034 καὶ
925 3968 1074 4051 κορύζας
1104 3971 1162 4034 καὶ
1184 3967 1302 4052 βῆχες.

168 4097 193 4142 c.
219 4082 268 4141 22.
294 4083 344 4142 66.
371 4084 420 4142 14.
444 4075 514 4141 ὑπὸ
538 4073 721 4159 κεδμάτων
745 4077 803 4140 καὶ
827 4072 990 4159 ἰσχιάδων
1013 4077 1071 4140 καὶ
1094 4073 1302 4155 ποδαγριῶν.

170 4181 456 4246 adiectivorum
485 4181 658 4261 aliquanto
682 4181 788 4246 maior
811 4187 862 4246 est
886 4197 1099 4245 numeruszc
1133 4185 1162 4241 4.
1193 4183 1242 4241 38.
1277 4185 1302 4240 l.

169 4283 300 4368 σκληρά
323 4305 360 4349 τε
383 4286 441 4350 καὶ
464 4282 641 4367 ἀτέραμνα
664 4285 722 4348 καὶ
746 4284 872 4367 ψυχρά.
920 4304 946 4348 c.
973 4289 1000 4348 7.
1025 4288 1076 4347 40.
1103 4287 1151 4346 15.
1176 4277 1304 4346 ἑλώὸεα
