2918 4980
570 343 688 412 Vita.

133 483 530 538 GuilelmusFranciscus
539 483 687 536 Robertus
699 483 886 537 Schonack
899 487 987 535 natus
997 498 1065 535 sum
1075 482 1194 536 a.d.XI.

48 572 128 625 Kal.
137 570 216 623 Sext.
224 570 296 622 anni
307 570 373 622 1885
384 569 517 621 Berolini
527 573 611 635 patre
621 569 836 632 Maximiliano,
846 573 1010 621 mercatore
1020 568 1193 621 honestissi-

47 673 116 721 me,
137 661 230 708 matre
251 655 360 707 Bertha
377 671 393 706 e
412 658 499 720 gente
519 655 676 720 Schilling,
704 669 779 720 quos
806 658 947 720 parentes
972 653 1071 706 adhuc
1089 669 1194 721 super-

47 745 144 796 stites
159 758 276 794 summa
289 757 348 808 qua
361 740 484 792 addecet
496 741 605 806 pietate
621 742 692 792 eolo.
712 741 817 792 Fidem
827 741 969 806 profiteor
982 741 1195 807 evangelicam.

46 829 168 896 primis
187 829 355 880 litterarum
374 827 527 878 elementis
546 826 682 879 imbutus
700 842 754 892 per
774 831 834 879 tres
854 843 949 879 annos
969 827 1138 893 discipulus
1152 827 1195 878 fui

47 916 211 982 gymnasii
229 913 478 979 Lessingiani3
499 913 608 964 deinde
626 927 681 978 per
700 929 753 964 sex
768 928 861 964 annos
876 913 1032 979 Sophiae
1045 914 1194 979 gymnasi-

47 1017 112 1053 um
131 1000 334 1067 frequentavi,
363 999 449 1050 cuius
468 1014 506 1050 ex
526 999 782 1064 praeceptoribus
805 1015 821 1050 e
840 999 951 1066 quibus
969 1001 1110 1052 nonnulli
1126 1016 1194 1066 pro-

49 1088 209 1140 vectiores
229 1086 364 1138 arentin
383 1085 500 1146 litteris
527 1083 650 1136 honoris
669 1099 759 1137 causa
777 1086 831 1137 hos
850 1087 980 1148 nomino,
1003 1102 1132 1152 quorum
1150 1087 1194 1138 in·

49 1175 219 1227 structioni
232 1172 416 1238 permultum
430 1169 536 1222 debeo:
552 1171 741 1234 Kochium,
755 1171 807 1236 qui
821 1172 878 1223 fuit
892 1176 918 1223 et
931 1177 1196 1238 rerumgestarum

50 1264 85 1313 et
125 1261 310 1311 litteraturae
347 1257 541 1308 Germanicae
577 1262 753 1323 praeceptor
788 1257 1059 1323 ingeniosissimus
1096 1258 1195 1325 Seyf-

52 1348 192 1399 fertum
209 1345 235 1411 †,
256 1343 359 1411 quide
374 1344 477 1394 Plauto
492 1341 602 1406 optime
615 1343 733 1407 meruit,
747 1344 873 1397 Wallie
883 1343 987 1407 sium,
1006 1345 1196 1397 notissimum

52 1434 148 1485 ilium
176 1429 456 1484 commentariorum
476 1428 724 1479 Aristoteleorum
754 1429 908 1482 editorem.
944 1431 1098 1483 Autumno
1126 1432 1197 1483 anni

55 1520 131 1571 1904
159 1516 338 1569 maturitatis
367 1514 448 1581 quod
475 1517 582 1564 vocant
609 1515 778 1566 testimonio
800 1516 967 1567 instructus
986 1517 1018 1567 in
1036 1533 1197 1568 numerum

54 1605 174 1658 civium
204 1601 410 1654 universitatis
438 1599 611 1651 Fridericae
640 1600 806 1661 Guilelmae
825 1602 1031 1654 Berolinensis
1058 1607 1197 1668 receptus

56 1705 139 1753 sum,
167 1688 220 1739 ubi
247 1704 301 1754 per
330 1687 440 1752 septies
467 1699 521 1736 sex
549 1699 668 1737 menses
696 1685 805 1737 studiis
824 1687 861 1737 ad
880 1686 993 1740 litteras
1013 1689 1150 1754 antiquas
1170 1692 1198 1740 et

57 1775 257 1828 Germanicas
287 1772 477 1839 potissimum
508 1770 714 1836 spectantibus
746 1787 864 1838 operam
902 1773 1019 1838 navari,
1056 1774 1197 1826 admixtis

58 1862 180 1914 modice
199 1859 415 1926 philosophicis
435 1864 464 1910 et
482 1858 643 1909 historicis

151 1949 328 2000 Docuerunt
345 1961 392 1997 me
411 1945 470 1996 viri
489 1943 650 1996 clarissimi
668 1948 757 2010 atque
776 1943 954 1998 doctissimi:
983 1947 1075 2011 Diale,
1100 1948 1196 2008 Helm,

59 2035 228 2098 Rothstein,
247 2035 295 2087 W.
315 2033 452 2095 Schulze,
471 2031 597 2094 Vahlen,
616 2031 762 2088 Wentzel,
783 2031 819 2083 de
837 2031 1195 2085 ll'ilamowitzMoellen-

60 2123 153 2185 (10111;
174 2121 323 2185 Strecker,
342 2121 373 2171 P.
387 2119 424 2171 de
438 2118 620 2172 Winterfeld
637 2117 668 2183 †;
686 2119 847 2183 Baesecke,
866 2120 1046 2182 Hermann,
1059 2121 1197 2184 Heusler,

60 2211 97 2261 R.
115 2210 155 2260 M.
174 2210 287 2274 Meyer,
315 2206 434 2269 Boetho,
456 2204 565 2256 Hrieus
585 2204 733 2267 Schmidt3
762 2205 909 2269 Foerster,
929 2206 1051 2270 Lasson,
1069 2208 1102 2259 R.
1120 2205 1196 2259 Leh-

61 2310 165 2357 mann,
176 2295 307 2357 Menzer,
319 2293 415 2354 Riehl‚
430 2290 555 2355 Stumpf,
569 2289 751 2352 Vierkandt3
762 2290 885 2354 Miinch,
896 2291 1027 2345 Paulson
1036 2290 1066 2359 †;
1077 2294 1113 2344 H.
1127 2293 1197 2346 Del-

62 2381 175 2444 briick,
194 2381 318 2442 Dessau,
337 2377 499 2443 Hoeniger,
512 2376 616 2441 Klebs,
635 2392 661 2428 V.
676 2375 886 2440 Sommerfeld3
907 2377 1034 2442 Gunkel,
1047 2379 1198 2444 Harnack,

62 2466 268 2531 Ρ11011101011·;
288 2463 457 2528 Bbrnstein,
477 2479 503 2514 v.
524 2461 728 2515 Bortkiewicz.
756 2463 970 2516 Proseminarii
989 2464 1134 2532 philologi
1152 2482 1197 2517 so·

63 2553 141 2605 dalis
160 2554 205 2604 fui
223 2567 277 2618 per
296 2556 342 2603 ter
361 2565 449 2602 senos
467 2564 586 2601 menses
612 2548 937 2617 exercitationibusque
963 2551 1096 2615 interfui,
1124 2567 1198 2619 quas

62 2639 300 2691 moderabantur
320 2638 411 2702 Diels
431 2637 528 2698 Helm,
547 2636 724 2700 lmelmann,
742 2636 780 2686 M.
797 2636 826 2688 O.
840 2637 873 2688 P.
886 2635 1030 2702 Schmidt,
1052 2639 1198 2702 Wentzel,

64 2727 103 2779 de
123 2723 561 2785 Wilamowitz-Moellendorff3
592 2722 702 2774 deinde
728 2722 883 2775 seminarii
901 2724 1049 2791 philologi
1066 2741 1119 2791 per
1139 2724 1198 2777 duo

62 2813 221 2866 semestria
249 2811 360 2863 sodalis
387 2810 430 2860 fui
458 2808 638 2869 ordinarius
665 2807 719 2860 ubi
737 2808 871 2871 Dielesii,
898 2810 1041 2874 Nordeni,
1068 2812 1199 2864 Vahleni

60 2899 200 2952 doctrina
227 2899 344 2949 fructus
371 2912 446 2948 sum.
484 2896 641 2946 Praeterea
668 2898 701 2945 ut
729 2895 996 2948 exercitationibus
1023 2897 1198 2951 interessem

58 2986 195 3051 benigne
214 2986 430 3037 concesserunt
448 2981 623 3033 Hirschfeld
643 2981 855 3047 epigraphiciS,
882 2982 937 3033 Ed.
958 2983 1062 3049 Meyer
1080 2984 1198 3036 histori-

57 3075 113 3136 cis,
140 3071 228 3122 Riehl
254 3068 480 3136 philosophicis,
509 3068 541 3120 P.
565 3068 601 3119 de
626 3067 809 3121 Winterfeld
831 3067 850 3136 †
877 3068 1086 3122 mediolatinis
1126 3071 1197 3123 Pro-

58 3157 218 3213 seminarii
237 3160 265 3207 et
278 3154 433 3208 seminarii
447 3152 619 3205 Germanici
631 3168 686 3218 per
701 3152 856 3218 singulum
870 3157 1012 3206 semestre
1025 3154 1069 3206 fui
1082 3155 1198 3221 hospes

57 3244 186 3298 Roethio
206 3253 234 3294 et
252 3243 341 3294 Erico
355 3239 520 3294 Schmidtio
541 3239 784 3292 concedentibus
822 3240 934 3306 quibus
955 3240 1029 3292 viris
1048 3240 1199 3305 omnibus,

14 3348 18 3358 ’
58 3329 204 3396 inprimis
224 3333 322 3380 autem
335 3327 511 3389 Vahleno,
531 3326 579 3378 cui
599 3331 745 3392 quantum
764 3324 897 3389 debeam,
916 3326 967 3381 vix
988 3341 1113 3393 possum
1130 3342 1197 3393 pro·

58 3416 150 3483 loqui
167 3446 200 3453 -
220 3431 289 3467 nam
307 3414 391 3466 illius
410 3412 676 3465 exercitationibus
696 3413 817 3465 Graecis
835 3411 1012 3479 Latinisque
1036 3413 1199 3481 praecipue

59 3504 203 3557 effectum
216 3505 268 3564 est,
287 3502 320 3552 ut
331 3498 523 3566 philologiam
538 3502 664 3550 tractare
678 3498 825 3550 discerem
839 3502 868 3550 et
880 3498 913 3549 in
927 3498 1032 3551 Latine
1045 3498 1199 3552 scribendi

57 3588 269 3656 loquendique
297 3590 391 3639 artem
417 3587 540 3651 penitus
568 3585 779 3637 introducerer
796 3615 831 3622 —
849 3585 958 3650 gratias
978 3590 1006 3638 et
1024 3601 1078 3654 ago
1098 3585 1197 3638 candi-

57 3675 205 3730 dissimas
224 3688 405 3740 semperque
425 3672 541 3724 habebo
560 3675 679 3738 gratum
699 3673 842 3724 animum.

151 3761 313 3827 Reliquum
333 3763 386 3825 est,
405 3764 438 3812 ut
458 3760 557 3824 palam
569 3759 681 3825 gratias
700 3774 787 3826 agam
805 3759 901 3812 Iulio
920 3759 1198 3825 Hirschbergio,

60 3849 337 3918 ophthalmologiae
356 3846 518 3912 professori
531 3845 720 3898 Berolinensi
740 3845 892 3898 ordinario
911 3846 1068 3899 honorario
1087 3844 1196 3899 eidem-

59 3952 124 4005 que
143 3936 295 4001 philologo
315 3935 469 3984 emunctae
488 3932 580 3994 naris
608 3932 661 3998 qui
688 3931 762 3983 mihi
781 3935 883 3984 auctor
901 3933 992 3985 fuerit
1010 3932 1101 3985 huius
1120 3947 1197 3984 com-

58 4021 256 4077 mentationis
285 4017 529 4071 conscribendae.
573 4017 712 4084 Denique
745 4020 841 4071 facere
874 4034 934 4070 non
964 4034 1095 4084 possum,
1123 4019 1197 4084 quin

60 4113 148 4179 grato
168 4108 267 4159 animo
287 4107 409 4157 affectus
424 4118 653 4155 commemorem
665 4103 811 4170 Ippelii,
831 4104 988 4156 directoris
999 4104 1198 4157 bibliothecae

60 4195 166 4262 regiae
185 4191 390 4245 Berolinensis
411 4205 481 4255 erga
500 4203 547 4239 me
566 4188 816 4253 benevolentiam,
844 4205 903 4255 qua
929 4190 1003 4242 mihi
1030 4191 1200 4256 complures

61 4282 170 4342 libros
199 4278 311 4344 quibus
330 4291 406 4343 opus
432 4277 493 4325 erat
512 4274 543 4325 in
564 4275 709 4340 opusculo
729 4274 922 4340 conficiendo,
940 4275 1019 4328 ultra
1037 4275 1200 4342 legitimam

62 4370 146 4422 diem
166 4367 357 4417 constitutam
375 4361 497 4427 saepius
517 4358 606 4428 alque
623 4360 736 4413 iterum
753 4360 932 4429 prorogavit.

153 4450 441 4507 Commentationum
468 4447 586 4499 absolvi
613 4462 637 4498 a.
658 4447 685 4500 d.
703 4447 758 4500 111.
777 4463 844 4499 11011.
862 4447 938 4511 Iun,
966 4463 1090 4500 examen
1118 4448 1198 4515 quod

19 4570 24 4611 3
62 4544 175 4598 vocant
195 4540 366 4605 rigorosum
386 4535 516 4589 sustinui
535 4534 717 4600 Regimonlii
735 4552 761 4591 a.
780 4537 807 4589 d.
825 4535 876 4588 IV.
894 4535 961 4588 Kal.
980 4533 1102 4588 Sexto.
1122 4534 1197 4591 1908.
