2918 4980
684 351 899 412 ...84-

224 540 257 606 in
283 542 346 606 bac
380 559 416 604 re
440 536 569 604 dicendi
597 536 870 603 consuetudinem
904 538 1073 621 ignorans,
1109 538 1188 618 quia
1217 537 1362 618 vestigia

226 643 349 710 codicis
374 645 405 707 A
429 662 450 708 a
473 659 509 707 se
535 640 633 706 valde
651 641 753 704 amati
778 641 990 721 sequebatur,
1014 649 1140 706 rectam
1165 642 1306 707 forrnam
1328 640 1364 704 in

226 752 320 812 textu
354 745 476 828 posuit.
523 744 581 810 sed
617 762 818 824 quamquam
854 749 967 810 textus
1001 745 1071 826 ipse
1106 746 1136 810 h.
1162 746 1182 809 l.
1217 764 1283 809 non
1312 749 1365 809 est

224 848 420 928 mutandus,
464 852 577 912 tamen
623 866 693 911 rem
738 848 929 912 accuratius
971 848 1250 928 perscrutandam
1288 865 1364 912 esse

226 951 410 1031 autumavi,
435 951 513 1031 quia
537 957 655 1033 gratus
679 957 819 1015 eventus
843 952 880 1015 fit
902 951 942 1031 ei,
966 952 1022 1032 qui
1046 953 1132 1016 hanc
1155 970 1223 1015 rem
1249 951 1363 1032 singu·

226 1055 329 1119 larem
365 1073 426 1135 per
460 1053 646 1132 complures
682 1053 783 1117 libros
806 1054 1052 1134 Hippocrateos
1075 1060 1275 1134 persecutus
1300 1059 1364 1118 est.

223 1176 334 1237 neque
352 1157 439 1222 enim
456 1175 537 1221 casu
553 1155 715 1220 accidisse
732 1160 844 1235 potest
866 1158 1032 1240 legentem
1056 1158 1088 1221 in
1114 1158 1195 1222 libro
1212 1157 1300 1238 dep.
1318 1176 1361 1220 m.

223 1279 329 1340 paene
353 1260 446 1325 obrui
471 1259 537 1324 illis
562 1260 744 1324 coniunctis
767 1261 952 1340 particulis,
965 1260 1093 1325 duobus
1118 1261 1229 1326 verbis
1252 1259 1364 1324 medio

223 1363 439 1444 interpositis,
462 1364 561 1427 immo
582 1364 666 1427 haec
684 1363 761 1427 mibi
778 1363 911 1429 videtur
932 1365 1127 1430 necessaria
1149 1364 1364 1429 ratiocinatio

224 1474 394 1533 auctorem
419 1468 515 1533 huius
549 1467 651 1531 libelli
677 1466 854 1533 adamasse
888 1468 978 1533 illam
1012 1468 1273 1551 colligationem:
1309 1468 1361 1532 sin

224 1576 335 1636 autem
353 1571 427 1637 aliis
445 1571 537 1636 libris
553 1570 791 1653 pervestigatis
809 1578 910 1651 atque
927 1572 1077 1636 excussis
1094 1572 1186 1636 illam
1203 1571 1362 1636 coniunc-

222 1675 346 1740 tionem
370 1683 428 1740 aut
462 1694 540 1739 raro
565 1678 625 1739 aut
647 1693 750 1754 prope
775 1693 938 1754 nusquam
971 1675 1133 1753 invenies,
1168 1675 1244 1754 quid
1270 1674 1363 1738 aliud

223 1778 282 1843 tibi
305 1778 501 1857 remanebit,
515 1796 615 1858 quam
638 1784 757 1857 putare
774 1778 835 1842 hos
859 1777 961 1842 libros
984 1778 1027 1842 ab
1044 1778 1118 1842 aliis
1141 1778 1364 1858 scriptoribus

224 1883 458 1963 nescioquibus
503 1888 660 1946 exaratos
706 1881 800 1946 esso?
849 1881 970 1945 dixerit
1016 1881 1160 1946 sortasse
1196 1881 1363 1961 quispiam

224 1986 351 2050 librarii
368 1984 541 2050 cuiusdam
565 1984 695 2049 incuria
710 1984 911 2065 particulam
927 2006 964 2048 σε
979 1985 1013 2048 in
1029 1984 1144 2050 codice
1162 1985 1190 2047 A
1211 1983 1363 2049 additam

224 2107 316 2154 csse:
352 2107 437 2169 quae
461 2087 624 2152 dubitatio
649 2088 710 2152 etsi
737 2107 800 2152 non
824 2107 955 2169 semper
989 2087 1108 2152 futtilis
1131 2124 1172 2133 —
1196 2088 1248 2152 cui
1273 2088 1364 2153 enim

227 2191 439 2257 librariorum
467 2191 647 2256 oscitantia
673 2197 774 2272 atque
788 2192 1001 2275 neglegentia
1016 2191 1172 2275 ignotae?
1189 2195 1363 2256 -tamen

225 2295 256 2358 h.
282 2295 301 2360 l.
337 2315 403 2360 non
447 2294 543 2360 modo
582 2294 680 2374 falsa,
725 2295 784 2360 sod
828 2295 944 2376 inepta
981 2296 1074 2360 soret.
1133 2296 1363 2376 exemplorum

224 2398 309 2463 enim
342 2398 575 2464 innumerabili
610 2399 706 2479 copia
739 2398 927 2479 impeditur,
973 2398 1149 2479 quominus
1184 2399 1247 2463 hoc
1279 2418 1363 2464 casu

224 2500 387 2566 accidisse
411 2501 570 2567 dicamus.
616 2502 834 2567 inveniuntur
858 2508 970 2567 autem
994 2503 1147 2582 exempla
1176 2502 1228 2566 his
1262 2503 1362 2568 locis:

224 2625 250 2670 o.
277 2611 306 2669 2.
331 2611 359 2669 2.
384 2611 434 2671 23.
458 2607 618 2670 νοσέονσί
639 2627 677 2670 σε
699 2606 758 2670 καὶ
781 2607 955 2670 πονέουσι.
1002 2625 1030 2670 ο.
1055 2611 1083 2670 2.
1108 2610 1137 2670 3.
1162 2611 1191 2669 2.
1222 2603 1365 2687 αὔξεταί

223 2730 260 2772 σε
276 2709 335 2772 καὶ
352 2707 479 2792 φθίνει.
509 2730 536 2774 ο.
551 2715 579 2774 3.
593 2714 622 2774 3.
638 2715 686 2773 12.
704 2707 863 2773 ἐσθίουσί
876 2730 914 2772 σε
929 2709 988 2772 καὶ
1004 2712 1152 2774 σίνοοσι.
1181 2728 1208 2773 ο.
1222 2715 1250 2773 8.
1265 2714 1294 2773 8.
1311 2715 1362 2774 18.

225 2811 395 2895 ὠφελοῖτό
430 2835 467 2877 σε
501 2814 559 2877 καὶ
594 2813 711 2896 ἰσχύοι.
758 2819 925 2878 ο.9.9.1.
954 2814 1116 2896 πονήσειέ
1149 2833 1186 2877 σε
1209 2813 1268 2876 καὶ
1290 2834 1362 2877 κιν-

223 2913 403 2980 δυνεύσειε.
450 2936 477 2982 ο.
495 2923 523 2981 9.
545 2925 573 2980 b.
593 2922 621 2980 7.
647 2915 773 3000 ὠφέλει
806 2938 843 2980 σε
869 2917 928 2980 καὶ
951 2914 1102 2999 ἔτρεφεν.
1149 2935 1175 2980 ο.
1195 2923 1243 2981 11.
1263 2921 1360 2982 128.

222 3018 389 3104 λαπαχθῇ
413 3041 449 3084 σε
473 3020 531 3083 καὶ
554 3020 718 3102 ἡσυχάσῃ,
765 3039 792 3083 e.
819 3025 867 3084 13.
895 3025 943 3083 14.
969 3024 1018 3083 20.
1049 3021 1215 3101 κέκρηταί
1242 3022 1362 3085 τεκαὶ

222 3124 394 3206 μέμικται.
418 3143 446 3189 ο.
461 3129 510 3188 14.
525 3129 574 3187 15.
588 3128 618 3187 8.
632 3124 755 3205 πάσχει
770 3141 808 3186 σε
820 3123 879 3186 καὶ
891 3121 1112 3204 ἑτεροιοῦται.
1138 3143 1165 3189 ο.
1180 3128 1229 3188 16.
1244 3132 1293 3189 19.
1310 3131 1361 3190 12.

222 3225 471 3309 aspectabant
492 3248 529 3291 σε
552 3227 611 3290 καὶ
634 3226 670 3290 έν
694 3225 777 3310 ἀλέῃ
800 3227 976 3308 γένωνται.
1022 3246 1049 3291 ο,
1067 3233 1117 3291 20.
1135 3232 1185 3292 25.
1203 3233 1254 3292 20.
1278 3227 1360 3309 ἐγεί-

222 3333 318 3413 ρεταί
350 3352 387 3395 νε
421 3332 479 3395 καὶ
502 3335 655 3395 κινεῖται.
701 3350 728 3395 ο.
745 3335 795 3395 22.
813 3336 863 3395 29.
885 3336 915 3395 7.
940 3328 1133 3413 ἀνθέστηκέ
1156 3352 1193 3395 σε
1216 3333 1274 3395 καὶ
1298 3332 1362 3415 οὐχ

219 3435 362 3499 ὑπείκει.
402 3453 483 3500 sane
501 3435 638 3518 egregia
655 3435 879 3515 exemplorum
898 3435 1086 3518 congeries:
1111 3435 1169 3500 sed
1194 3436 1360 3516 quomodo

219 3538 441 3604 iudicabimus
465 3537 506 3603 de
530 3557 557 3602 c.
582 3543 611 3602 2.
635 3543 664 3603 3.
691 3545 718 3602 1.
744 3542 777 3602 et
799 3557 826 3602 c.
853 3544 901 3602 19.
927 3545 977 3601 24.
1003 3545 1032 3617 2,
1056 3539 1111 3604 ubi
1127 3558 1266 3619 prorsus
1291 3540 1361 3605 alia

222 3643 392 3723 copulatio
416 3639 501 3725 (nul)
524 3641 557 3706 in
580 3646 675 3707 textu
698 3641 841 3725 legitur?
856 3642 997 3722 primum
1015 3642 1093 3706 mibi
1116 3642 1287 3708 latendum
1306 3653 1361 3710 est

220 3747 272 3811 his
289 3746 418 3829 exiguis
436 3745 517 3810 locis
535 3764 599 3809 non
616 3763 715 3826 posse
731 3744 875 3809 feliciter
891 3743 1076 3810 concertari
1093 3751 1211 3811 contra
1227 3751 1359 3812 tantam

222 3851 446 3930 exemplorum
471 3852 654 3928 catervam,
678 3854 838 3928 quantam
865 3848 962 3913 modo
987 3847 1104 3915 effudi:
1133 3868 1242 3930 neque
1270 3851 1359 3915 enim

224 3955 402 4034 quisquam
426 3953 605 4032 invenitur,
629 3953 686 4033 qui
702 3952 903 4018 contendere
920 3951 1045 4017 audeat
1061 3972 1189 4018 omnem
1206 3955 1359 4037 regulam

221 4075 352 4137 semper
375 4056 475 4121 fixam
498 4057 773 4136 immutatamqne
798 4074 886 4136 esse3
922 4075 1053 4137 semper
1080 4057 1177 4137 enim,
1211 4056 1244 4122 id
1268 4058 1358 4138 qnod

222 4161 362 4240 quaevis
386 4160 606 4244 grannnatiea
630 4160 736 4240 docet,
761 4180 836 4225 cum
859 4161 977 4244 regula
1011 4161 1108 4226 simul
1144 4161 1360 4242 exceptiones

220 4265 378 4330 oriuntur.
426 4265 545 4331 deinde
570 4264 708 4345 accedit,
743 4264 830 4345 quod
854 4265 884 4330 h.
910 4266 929 4329 l.
966 4265 1070 4330 verba
1103 4265 1210 4346 primo
1238 4265 1360 4331 obtutu
