2918 4980
638 375 854 435 ...81-

168 579 251 628 esso
288 561 329 626 ab
354 561 471 626 altero.
517 560 575 626 sed
611 580 675 625 non
709 579 793 640 opus
817 566 869 626 est
891 561 999 641 plura.
1047 561 1171 628 docebo
1194 567 1314 643 postea

164 665 337 745 exemplis
355 683 372 729 e
390 664 473 728 libro
487 663 527 728 de
540 685 572 745 p.
586 684 626 728 m.
644 664 784 745 sumptis
801 668 969 729 auctorem
986 664 1152 731 interdum
1170 684 1314 746 errasse,

161 769 256 849 quia
281 767 427 832 nondum
451 767 535 833 satis
559 769 775 851 cognovisset
801 786 861 833 seu
888 768 1045 834 librorum
1070 771 1313 851 manuscripto·

158 891 249 937 rum
272 871 306 935 in
325 871 468 953 singulis
494 871 692 936 lectionibus
710 871 894 936 varietates
911 891 972 936 seu
988 891 1109 938 causas
1134 872 1313 939 formarum

157 975 358 1040 variarum.
404 981 514 1039 tamen
540 993 604 1039 non
629 974 788 1039 reticeam
824 993 881 1040 eos
917 975 1017 1057 locos,
1041 976 1097 1042 ubi
1121 976 1247 1057 aliquid
1271 976 1314 1042 ad

162 1077 266 1143 lianc
289 1097 358 1142 rem
381 1077 537 1143 idoneum
561 1078 682 1143 attulit.

265 1180 460 1261 Antequam
484 1181 670 1260 ostendam,
695 1201 796 1263 quam
813 1183 905 1247 varie
923 1185 983 1246 aot
1005 1188 1038 1248 et
1059 1203 1096 1248 re
1112 1185 1172 1248 καί
1192 1178 1315 1250 inillis

174 1284 315 1364 scriptis
360 1284 471 1364 posita
516 1283 742 1363 inveniantur,
788 1284 887 1349 liceat
924 1284 1000 1350 mibi
1036 1286 1192 1352 tenuibus
1218 1274 1317 1354 lineis

167 1387 388 1465 adumbrare,
402 1406 488 1475 quae
502 1387 637 1452 tandem
655 1388 697 1451 sit
715 1389 873 1453 illarum
892 1388 1184 1468 ponticulorurn
1198 1391 1315 1457 notio.

170 1493 236 1554 καί
269 1491 410 1570 primum
445 1490 562 1555 habuit
597 1491 663 1555 vim
693 1491 946 1571 adverbialenr‚¹
982 1511 1049 1573 qua
1084 1494 1116 1558 vi
1152 1494 1315 1561 diminuta

173 1597 251 1659 orta
286 1598 339 1673 est
376 1593 465 1657 notio
499 1594 674 1658 tritissima
708 1595 848 1675 copulae
874 1614 971 1675 quarn
997 1595 1146 1663 dicimus.
1193 1598 1316 1663 nemini

174 1697 326 1779 ignotum
351 1703 402 1760 est
428 1696 593 1761 interdum
630 1697 730 1762 etiam
767 1699 955 1778 antiquam·
974 1698 1065 1763 illam
1095 1699 1160 1763 vim
1189 1701 1312 1783 vigere.

173 1800 350 1880 particulis
385 1820 421 1863 ce
452 1803 512 1864 καί
543 1801 693 1881 pluribus
729 1801 839 1865 verbis
874 1801 1049 1866 disiunctis
1084 1800 1311 1885 significatur8

175 1905 320 1970 61161661
349 1903 529 1968 membrum
565 1903 750 1968 sententiae
785 1908 857 1968 arte
893 1904 1073 1970 cohaerere
1098 1923 1171 1970 cum
1196 1895 1313 1984 611616,

174 2007 336 2089 imprimis
360 2012 440 2088 1661,
465 2027 539 2072 6661
563 2027 616 2072 166
641 2007 830 2072 6661161166
859 2007 946 2073 16161
970 2027 1006 2073 66
1031 2014 1230 2088 aequantur,
1254 2007 1311 2072 sed

178 2111 279 2175 etiam
303 2116 384 2190 tum,
408 2130 484 2175 cum
508 2110 594 2175 duae
620 2111 769 2176 actiones
792 2110 930 2191 paribus
957 2111 1144 2176 intervallis
1169 2111 1314 2177 1616166

178 2215 304 2280 distant
339 2215 751 2281 6616661666166611666
780 2215 909 2280 6666611
931 2235 1037 2280 nexae
1061 2221 1146 2281 sunt.
1185 2199 1229 2280 ’τε
1256 2217 1316 2279 καί

182 2317 348 2384 artissime
366 2318 461 2383 iuxta
477 2319 607 2398 positas
625 2318 716 2382 nullo
734 2318 835 2383 verbo
853 2319 1044 2389 intermisso
1066 2319 1210 2384 nondum
1231 2317 1314 2385 satis

181 2426 345 2486 tractatas
362 2421 513 2486 invenies
529 2421 561 2484 in
580 2421 816 2504 grammaticis
840 2421 1104 2487 Kuehnerus³
1121 2422 1201 2486 nihil
1218 2421 1315 2488 docet

182 2524 247 2591 nisi
259 2533 329 2591 tum
341 2525 527 2605 particulas
540 2525 606 2589 vim
620 2526 766 2609 augendi
778 2523 902 2590 habere
914 2526 1094 2607 praecipue
1108 2526 1140 2589 in
1157 2527 1313 2591 numeris.

182 2627 213 2692 in
232 2628 450 2693 annotatione
468 2628 544 2693 lmic
563 2631 778 2712 paragrapho
800 2629 915 2693 addita
938 2629 1190 2708 demonstravit,
1214 2648 1314 2709 quarn

182 2732 274 2797 varie
287 2736 490 2814 ponerentur
503 2732 581 2797 illae
593 2732 791 2813 particulae.
808 2732 921 2812 itaque
935 2750 986 2813 66,
1000 2750 1086 2812 quae
1100 2731 1194 2797 nobis
1206 2733 1239 2796 in
1251 2733 1316 2798 1166

181 2854 216 2899 16
229 2854 358 2900 6661166
371 2839 538 2899 momento
552 2835 767 2914 suntleviter
779 2839 908 2899 tantum
921 2834 1315 2916 perstrinxitzdeflippo-

182 2938 387 3018 6161661111,
421 2938 454 3001 id
479 2938 565 3019 quod
590 2938 630 3004 ob
656 2957 730 3003 eam
757 2957 894 3002 causam
920 2936 1094 3001 dolendum
1131 2944 1192 3015 661,
1227 2938 1315 3018 quod

179 3046 247 3106 tam
271 3042 390 3107 crebra
413 3046 464 3106 661
480 3041 686 3107 consuetudo
711 3047 896 3119 auctorum,
924 3041 979 3121 qui
1002 3041 1103 3105 libros
1128 3041 1313 3122 Hippocra-

179 3149 253 3212 teos
270 3145 548 3226 conscripserunt,
563 3146 749 3226 particulas
765 3165 802 3209 re
818 3147 878 3209 καί
900 3150 973 3210 6116
997 3145 1227 3228 coniungendi,
1241 3147 1313 3211 sive

179 3249 268 3314 inter
291 3249 404 3328 verba,
433 3249 504 3314 sive
532 3248 619 3312 iuter
642 3249 774 3313 nomina
796 3248 928 3330 positae
952 3247 1177 3314 inveniuntur.
1223 3256 1313 3314 recte

180 3353 267 3417 enim
300 3351 682 3417 161686116611161664
716 3352 911 3417 observavit
946 3371 1003 3431 „ce
1037 3354 1097 3415 καί
1128 3353 1314 3434 particulas

180 3456 291 3520 multis
304 3455 386 3520 locis
399 3455 502 3520 solius
514 3455 701 3534 particulae
718 3457 777 3519 καί
790 3454 896 3519 vicem
912 3460 1088 3535 praestare
1103 3457 1313 3537 maximeque

178 3559 212 3623 in
233 3558 253 3622 l.
278 3558 319 3623 de
341 3578 373 3638 p.
397 3578 450 3638 nn,
479 3577 577 3638 quem
600 3560 701 3639 plane
718 3557 906 3624 redundare
923 3559 987 3622 1166
1011 3559 1188 3623 verborum
1213 3579 1312 3641 copu-

178 3663 325 3727 1611666ιι
361 3662 452 3726 dixit.
502 3663 582 3726 611111
617 3682 744 3744 qnoque
779 3663 799 3726 l.
829 3663 869 3727 de
899 3682 930 3743 p.
954 3681 996 3726 61.
1032 3666 1065 3726 61
1097 3663 1237 3744 reliqua,
1272 3665 1312 3729 de

179 3766 297 3846 quibus
321 3766 383 3849 egi,
408 3766 541 3846 saepius
571 3772 672 3847 atque
695 3767 813 3832 iterum
841 3765 1051 3846 pervolventi
1076 3783 1141 3828 non
1164 3766 1312 3848 contigit,

179 3875 216 3934 ut
239 3870 340 3934 ullum
365 3889 515 3935 eruerem
552 3870 728 3936 discrimen
762 3870 931 3934 16161661
963 3873 997 3931 et
1023 3887 1060 3931 re
1083 3869 1150 3947 nol,
1185 3868 1213 3933 si
1246 3869 1312 3934 illis

267 4038 275 4074 ¹
294 4040 328 4090 61.
349 4041 538 4102 1166116661.
558 4041 576 4092 l.
596 4056 643 4107 pg.
664 4042 725 4103 7903
745 4039 816 4104 (1113
833 4055 883 4105 pg.
901 4038 973 4103 246).

265 4122 329 4175 261.
349 4125 502 4185 1111611661,
519 4126 538 4177 1.
556 4125 576 4177 l.
595 4142 643 4191 pg.
662 4126 725 4188 7933
745 4125 816 4189 <112³
834 4140 883 4190 pg.
903 4124 971 4188 249).

264 4208 330 4261 361.
350 4211 367 4261 l.
387 4211 405 4261 l.
425 4226 473 4276 pg.
493 4212 550 4261 194.
561 4212 584 4261 4.

263 4293 326 4345 ⁴ci.
347 4294 429 4345 illius
450 4295 520 4346 diss.
540 4311 589 4361 pg.
609 4295 649 4345 23.
