2918 4980
688 366 903 427 ...60-

231 552 308 617 cula
346 549 389 615 άν
426 551 617 623 coalescere
655 553 763 618 solent
802 552 834 616 in
882 549 995 631 ὅταν,
1042 552 1214 631 ὁπόταν,
1260 552 1365 617 ἐπάν

231 653 383 738 (ἐπήν),
407 652 592 720 ἐπειδάνε
617 655 656 720 de
681 655 731 719 his
756 656 835 720 solis
858 655 973 721 formis
996 655 1231 737 disputabitur.

317 794 348 840 a.
393 776 522 841 initium
557 775 660 859 igitur
690 775 861 857 capiamus
885 776 926 840 de
950 777 1077 842 voculis
1100 776 1165 858 ἕως
1189 777 1364 844 similibus

232 899 273 945 en
296 880 400 945 habes
424 880 589 960 exempla:

316 1001 343 1065 Ι.
378 998 416 1065 P.
430 999 472 1065 ll.
519 1020 548 1066 a.
572 999 661 1082 ἓωςε
686 1001 809 1066 nullum
834 1005 946 1066 exstat
969 1002 1163 1081 exemplum.

318 1104 347 1168 b.
381 1103 511 1185 μέχριῖ
547 1123 573 1169 c.
592 1109 641 1169 11.
660 1096 709 1168 12.
727 1109 755 1167 c.
781 1103 844 1168 οὐκ
868 1103 1045 1185 ἀνέμεινεν
1067 1102 1130 1168 τόν
1151 1104 1277 1187 χρόνον
1301 1105 1364 1170 τὸν

233 1206 362 1284 ίκανδν,
396 1207 495 1289 μέχρι
523 1205 630 1271 αὐτοῦ
655 1208 676 1289 η
699 1205 810 1290 κοιλίη
834 1211 905 1272 τῶν
929 1259 935 1272 .
962 1257 968 1272 .
994 1257 1001 1272 .
1026 1210 1144 1273 σιτίων
1168 1207 1363 1293 άπολαάση.

230 1329 257 1374 ο.
283 1315 407 1375 1922.
432 1315 460 1374 2.
485 1308 640 1393 φλογμὸς
674 1309 815 1393 ἔσχατος
850 1312 993 1392 κατέχει,
1028 1313 1126 1394 μέχρι
1150 1309 1192 1376 ἂν
1223 1311 1267 1377 τά
1290 1312 1364 1394 ῥεύ-

231 1432 325 1496 ματα
349 1411 474 1497 πεφθῇ
497 1464 504 1479 .
529 1465 535 1479 .
561 1464 568 1478 .

318 1538 344 1584 c.
380 1516 482 1582 ἔστεε
507 1519 633 1583 nullum
658 1523 770 1584 exstat
793 1517 990 1598 exemplum.

317 1639 362 1703 ΙΙ.
398 1635 540 1705 111111.
587 1659 615 1704 a.
640 1639 729 1720 ἕωςε
764 1658 791 1704 c.
815 1646 844 1704 4.
870 1643 920 1703 90.
947 1644 996 1703 10.
1020 1643 1093 1719 τοῖς
1117 1637 1153 1703 δὲ
1176 1638 1365 1704 παιδίοισιν

231 1739 392 1823 ὕδρωπες
414 1741 602 1825 ἐγγίνονται
626 1743 663 1807 ἐν
686 1748 795 1807 τοῖσιν
819 1740 963 1825 ὄρχεσιν,
987 1741 1053 1823 ἕως
1074 1741 1182 1825 μικρά
1205 1743 1237 1827 ᾗ.
1285 1763 1312 1808 ο.
1335 1749 1364 1808 8.

230 1851 282 1910 45.
306 1851 336 1910 7.
371 1843 436 1926 ἕως
469 1846 534 1929 μὲν
568 1844 631 1911 οὖν
662 1845 946 1930 διεσκεδασμένον
969 1847 992 1931 ᾖ
1015 1846 1072 1927 (sc.
1097 1844 1137 1910 τδ
1161 1844 1269 1929 ὕδωρ)
1293 1897 1300 1910 .
1326 1898 1365 1915 ..

232 1949 373 2031 ιγέρεται
394 1950 581 2030 μετέωρον.
628 1969 653 2014 c.
674 1955 859 2015 115919.
884 1950 1055 2032 μάχονται
1077 1955 1151 2030 ταῖς
1175 1947 1364 2033 πολεμίοις,

232 2051 300 2132 ἕως
316 2049 358 2115 ἂν
375 2051 549 2135 παρθένοι
564 2051 676 2119 ἔωσιν.
716 2073 743 2118 c.
762 2059 810 2119 17.
829 2059 879 2118 59.
898 2059 948 2118 23.
966 2051 1364 2138 παύεταιίππαζομένη,

232 2154 297 2236 ἕως
321 2153 364 2219 ἂν
386 2152 435 2238 μη
461 2155 592 2239 ἀνάγκη
617 2155 798 2240 καταλάβῃ
822 2159 1014 2239 παγκοίνου
1039 2160 1230 2240 στρατείης.
1270 2178 1296 2223 c.
1315 2164 1365 2223 20.

233 2264 281 2323 63.
309 2264 359 2324 10.
383 2259 427 2322 τά
461 2280 497 2324 τε
531 2258 593 2342 γάρ
629 2258 766 2341 άρσενα,
795 2261 860 2342 ἕως
885 2259 927 2325 ἂν
951 2260 1013 2343 οὐχ
1036 2260 1092 2325 οίά
1115 2283 1152 2325 τε
1175 2260 1228 2344 ἐφ’
1253 2260 1365 2327 ἵππον

232 2360 397 2444 ὀχεῖσθαι,
422 2361 461 2426 τὸ
485 2362 576 2427 πολὺ
600 2368 662 2428 τοῦ
683 2364 813 2446 χρόνον
837 2363 1015 2447 κάθηνται
1038 2364 1074 2428 ἐν
1097 2362 1143 2448 τῇ
1164 2364 1288 2450 άμάξη.

317 2466 348 2531 b.
382 2468 512 2550 μέχριῑ
555 2474 806 2534 0115920.
843 2469 906 2534 οὐκ
942 2468 1296 2553 ἀποπαρθενεύονται
1319 2469 1365 2549 δέ,

231 2570 330 2652 μέχρι
353 2568 395 2634 ἂν
418 2575 489 2636 τῶν
513 2570 690 2655 πολεμίων
713 2579 804 2656 τρεῖς
828 2572 1069 2639 ἀποκτείνωσι.

318 2692 344 2738 c.
381 2672 484 2739 ἔσται
509 2676 635 2740 nullum
660 2682 771 2743 exstat
794 2679 992 2760 exemplum.

317 2794 381 2858 HI.
416 2793 541 2860 Pracn.
589 2815 617 2860 a.
643 2795 731 2877 tog:
756 2818 782 2863 c.
808 2803 856 2863 12.
882 2803 932 2863 89.
959 2803 1007 2863 18,
1032 2799 1054 2882 ἡ
1076 2799 1270 2880 ὑπόστασις
1294 2850 1301 2865 .
1326 2849 1365 2864 ..

233 2896 346 2981 ὁμαλὴ
371 2898 466 2980 παρά
489 2899 607 2965 πάντα
630 2897 692 2964 τδν
713 2901 849 2984 χρόνον,
884 2902 950 2984 ἕως
985 2901 1027 2967 άν
1054 2901 1161 2986 κριθῇ
1185 2903 1207 2986 ἡ
1230 2906 1366 2984 νοῦσος.

320 3001 349 3066 b.
383 3002 515 3084 μέχριῑ
539 3005 666 3069 nulluni
690 3011 801 3071 exstat
824 3009 1020 3088 exemplum.

319 3123 346 3169 c.
382 3104 484 3171 ἕατεε
516 3126 542 3172 ο.
568 3112 617 3175 12.
641 3114 691 3173 90.
717 3114 746 3173 9.
771 3107 838 3173 ἔστ’
863 3108 905 3174 ἂν
929 3107 966 3174 δὲ
988 3108 1118 3173 λεπτδν
1141 3110 1163 3194 ᾗ
1186 3109 1226 3174 τδ
1251 3108 1368 3191 οὖρον,

235 3205 395 3272 άπεπτον
419 3213 577 3292 σημαίνει
599 3211 639 3275 τὸ
663 3210 801 3295 νόσημα
817 3212 904 3276 είναι
949 3232 976 3278 ο.
996 3219 1044 3278 12.
1062 3219 1113 3278 90.
1132 3219 1180 3278 13.
1205 3211 1369 3294 κίνδυνος

234 3312 282 3394 μη
306 3311 347 3376 οὐ
372 3310 555 3396 δονήσεται
578 3314 596 3378 ὁ
621 3312 814 3397 ἄνθρωπος
838 3313 1023 3395 διαρκέσαι,
1048 3315 1114 3397 ἕως
1138 3314 1181 3381 ἂν
1198 3316 1369 3403 πεπανθῇ

235 3417 256 3499 ἡ
289 3420 424 3497 νοῦσος.
471 3435 498 3481 ο.
524 3422 573 3482 19.
599 3423 669 3484 100.
694 3424 724 3483 6.
760 3419 778 3483 ὁ
813 3416 849 3483 δὲ
883 3420 1015 3500 τρόπος
1050 3417 1154 3500 οὗτος
1296 3425 1369 3486 τῶν

235 3517 385 3584 παιδίων
409 3517 556 3584 ἅπτεται
580 3571 586 3584 .
612 3573 618 3585 .
644 3571 661 3599 .,
687 3520 754 3585 ἔστ’
776 3519 819 3585 ἂν
834 3519 1175 3603 πεντεκαιδεκαετέες
1190 3525 1368 3604 γένωνται.

235 3643 262 3688 c.
287 3629 338 3687 21.
365 3629 435 3688 102.
460 3628 488 3688 2.
514 3622 581 3688 ἔστ’
606 3622 648 3688 ἂν
684 3623 720 3690 δὲ
743 3627 764 3709 ἡ
788 3624 894 3708 ὀδύνη
918 3627 940 3710 ᾗ
963 3627 1079 3706 νεαρά,
1114 3625 1371 3710 προσδέχεσθαι

232 3726 298 3809 χρὴ
334 3725 480 3808 αἵματος
514 3727 618 3811 ῥῆξιν.
674 3748 702 3793 c.
727 3735 777 3794 23.
806 3736 873 3794 104.
899 3735 928 3793 6.
964 3731 997 3792 οἱ
1029 3734 1263 3811 γαργαρεῶνες
1296 3730 1369 3795 ἐπι-

235 3828 391 3894 κίνδυνοι
414 3881 420 3895 .
446 3882 453 3896 .
479 3881 485 3893 .
510 3830 770 3914 άποσχάζεοθαι
794 3884 800 3897 .
826 3881 833 3898 .
860 3882 876 3912 .,
901 3831 968 3897 ἔστ’
993 3831 1036 3898 ἂν
1067 3832 1213 3916 ἐρσθροί
1233 3835 1263 3900 τ’
1287 3834 1371 3900 ἔωσι

236 3934 294 3998 καί
315 3931 467 4015 μεγάλοι.

321 4070 386 4137 His
420 4073 579 4153 exeniplis
613 4073 717 4139 multa
750 4073 961 4156 colliguntur,
990 4094 1077 4154 quac
1101 4094 1189 4140 nunc
1212 4072 1370 4159 deinceps

237 4173 386 4242 afferam.
425 4175 568 4257 primunr
602 4176 725 4260 singuli
760 4182 915 4244 auctores
949 4178 983 4242 in
1015 4197 1053 4244 eo
1077 4177 1246 4259 differunt,
1281 4180 1371 4260 quod

237 4279 341 4350 variis
365 4283 505 4349 utuntur
530 4280 667 4362 voculis,
700 4280 863 4361 aquibus
888 4281 1074 4347 sententiae
1097 4282 1300 4364 temporales
1321 4283 1372 4349 in-
