2918 4972
680 338 892 399 ..82-

219 528 347 594 voculis
371 527 550 593 coniuncta
584 530 680 589 erant
704 525 759 589 rel
791 524 856 588 duo
880 525 935 589 vol
959 525 1131 606 complura
1155 525 1256 592 unius
1281 544 1361 591 sen-

220 631 344 696 tentiae
368 628 525 694 membra.
571 628 867 692 llncumliuius¹
893 647 1021 709 quoque
1046 628 1217 694 contendit
1238 649 1277 693 τε
1300 631 1363 694 καί

221 720 356 814 saepius
380 731 546 813 usurpari,
569 730 625 796 nbi
650 729 834 796 suffectura
859 730 978 796 luisset
1001 732 1168 812 particula
1191 733 1253 796 not
1275 734 1360 798 sola.

222 837 284 902 lroc
307 834 440 916 quidem
464 832 563 898 facilc
588 833 790 898 observatur
809 834 961 917 singulos
978 835 1181 918 singulorum
1198 836 1360 902 librorum

220 938 403 1018 scriptores
427 936 523 1002 modo
548 935 665 1001 lortius
690 936 785 1000 modo
810 937 916 1002 leuius
940 938 1026 1002 barre
1051 939 1102 1003 rcl
1137 939 1230 1004 illam
1257 959 1360 1021 copu-

219 1040 377 1107 lationem
411 1040 444 1104 in
479 1038 606 1104 deliciis
630 1038 762 1102 babere.
804 1039 946 1119 donique
971 1040 1001 1104 id
1019 1041 1097 1105 mibi
1121 1041 1255 1107 videtur
1279 1062 1359 1109 con·

219 1151 310 1210 stare
323 1144 428 1224 noasi
442 1143 619 1226 diligenter
632 1150 854 1222 accuratoque
868 1144 1159 1225 anquisireriuun,
1170 1145 1360 1213 certissime

220 1247 420 1312 contendere
436 1264 535 1327 posse
551 1246 639 1310 hauc
662 1255 720 1310 aut
742 1247 832 1310 illam
859 1248 997 1312 tonnam
1015 1249 1043 1312 lr.
1062 1248 1081 1312 l.
1098 1250 1360 1329 praeferendam

220 1370 304 1430 esse,
328 1353 417 1417 hunc
440 1356 499 1417 aut
521 1349 612 1413 illum
631 1349 776 1414 codicem
795 1351 952 1415 maiorem
971 1352 1204 1418 anctoritatem
1221 1355 1360 1420 habere.

219 1461 330 1521 tamen
354 1456 417 1519 hoc
440 1452 673 1518 secundarium
698 1457 764 1533 est3
785 1453 918 1518 maximi
936 1455 1091 1519 momenti
1110 1456 1202 1521 uobis
1226 1476 1361 1540 semper

221 1559 293 1638 orit,
328 1558 405 1639 quid
438 1577 478 1621 cx
501 1556 740 1638 particularum
774 1556 909 1622 illarum
942 1559 1037 1624 vario
1061 1578 1124 1624 usn
1148 1560 1189 1625 de
1213 1561 1361 1645 singulis

220 1662 314 1729 libris
338 1660 599 1727 concludendum
627 1660 680 1725 sit.

308 1767 401 1831 Haec
425 1770 522 1829 erant
544 1763 724 1828 secuudum
742 1763 933 1828 Plautinum
959 1764 1038 1829 illud
1064 1767 1235 1849 antelogia
1258 1787 1361 1853 argu-

220 1870 336 1950 menti3
370 1887 458 1933 nunc
493 1867 535 1932 ad
569 1867 776 1948 propositum
814 1886 872 1931 uos
896 1867 1056 1933 accedere
1084 1875 1226 1950 oportet.
1272 1877 1361 1936 tota

220 1972 450 2054 disquisitio
475 1970 743 2035 distribuetur
766 1970 802 2034 iu
824 1977 961 2051 partes
984 1976 1189 2052 quattuor:
1213 1974 1359 2054 primum

221 2094 358 2159 agemus
382 2075 422 2140 de
446 2074 598 2153 verbis,
622 2073 741 2138 deinde
771 2073 810 2138 de
839 2073 992 2140 duobus
1016 2076 1238 2142 nominibus
1266 2097 1359 2143 cou-

219 2179 382 2259 iuuctis‚
420 2186 488 2242 tum
527 2177 567 2242 de
604 2177 688 2242 illis
726 2179 840 2256 locis,
879 2178 942 2242 ubi
981 2178 1054 2244 duo
1093 2180 1361 2247 substantiva

221 2301 373 2348 conexa
406 2282 683 2357 inveniuntur,
718 2301 881 2361 quorum
915 2301 984 2348 seu
1013 2283 1171 2364 utrique
1195 2284 1360 2352 additus

221 2393 281 2451 est
317 2386 515 2451 articulus
549 2404 617 2450 seu
652 2386 772 2449 alteri
795 2385 924 2465 deest,
959 2394 1128 2467 postremo
1152 2387 1193 2454 de
1228 2389 1361 2456 tribus

221 2489 495 2554 substantivis
517 2489 633 2553 iuxta
654 2488 808 2568 positis.
854 2488 910 2553 sed
937 2508 1009 2554 cnm
1038 2489 1080 2555 ad
1105 2491 1270 2556 eiusmodi
1294 2493 1361 2559 dis·

221 2593 417 2673 quisitioues
451 2593 485 2656 in
521 2599 592 2657 arte
617 2591 734 2656 critica
768 2592 954 2657 factitando
987 2593 1134 2658 traducti
1158 2595 1274 2669 simus,
1299 2597 1362 2661 lroc

220 2697 299 2761 mibi
333 2697 399 2761 iam
435 2696 467 2760 in
502 2697 565 2760 lzac
598 2701 694 2776 parte
729 2696 970 2760 conscribenda
1002 2698 1081 2762 utile
1107 2696 1285 2763 videbatur
1308 2719 1361 2765 me

222 2800 415 2869 accuratius
440 2800 625 2865 ostendere.
672 2800 785 2879 itaque
819 2800 851 2864 in
878 2801 940 2864 linc
963 2807 1059 2882 parte
1083 2801 1125 2865 ab
1149 2820 1190 2866 ca
1218 2803 1361 2883 ratione,

225 2923 322 2984 quam
348 2910 448 2969 antea
471 2922 602 2982 semper
621 2903 843 2981 adhibuimus
868 2903 1024 2967 aberrare
1042 2904 1361 2987 disquisitionesque

224 3008 273 3073 ita
295 3008 451 3088 deinceps
475 3008 623 3087 prolerre
648 3007 742 3071 nobis
766 3007 876 3086 liceat,
912 3015 946 3071 ut
971 3015 1148 3089 utrumque
1174 3029 1304 3090 munus
1329 3018 1364 3077 et

225 3112 432 3194 singulorum
457 3111 654 3191 scriptorum
683 3129 763 3175 usus
786 3111 965 3189 peculiaris
990 3120 1023 3176 ct
1039 3113 1248 3192 quorundam
1272 3115 1360 3180 loco·

223 3234 296 3280 rum
323 3215 495 3291 correctio,
529 3214 661 3294 penitus
686 3214 878 3294 pelluceant
901 3214 1038 3298 legonti:
1074 3235 1150 3280 uam
1181 3224 1218 3281 ut
1242 3224 1296 3282 cst
1328 3218 1361 3282 iu

222 3318 403 3399 proverbio
427 3317 573 3382 delectat
597 3317 749 3382 variatio.
786 3318 898 3382 ordiar
922 3324 1033 3383 autem
1057 3336 1185 3384 omnem
1202 3320 1361 3402 disquisi-

223 3424 345 3489 tionem
381 3422 422 3487 ab
459 3442 508 3501 co,
544 3421 629 3487 unde
665 3423 697 3486 in
733 3442 769 3486 re
797 3423 913 3486 critica
945 3423 1132 3488 lectitanda
1155 3443 1252 3490 orsus
1276 3444 1361 3506 sum,

223 3527 317 3606 libro,
342 3526 361 3591 i.
376 3545 402 3590 c.
428 3526 584 3606 dep.m.;
618 3532 790 3605 postquam
827 3526 924 3590 liuius
954 3528 1102 3592 auctoris
1125 3526 1259 3593 dicendi
1283 3548 1361 3595 con·

223 3631 430 3696 suetudinem
470 3630 699 3710 exposninruS‚
738 3630 780 3694 ad
816 3636 1001 3695 ceterorum
1041 3631 1262 3697 elocutionem
1301 3652 1362 3698 uos

225 3741 400 3800 vertemus,
447 3733 504 3798 sod
529 3733 661 3797 videtur
683 3752 849 3798 necesse
884 3753 958 3798 esse
983 3754 1032 3799 me
1062 3735 1095 3798 in
1125 3735 1259 3818 singula
1281 3755 1362 3802 usus

222 3837 329 3903 l'orma
356 3837 566 3921 depingenda
590 3837 720 3902 omnia
747 3843 908 3918 quotquot
931 3838 1087 3919 leguntur
1110 3840 1292 3921 exempla
1314 3840 1361 3907 ad

223 3943 382 4007 verbum
408 3961 634 4021 excerpere.
665 3961 740 4006 nam
767 3942 822 4005 vix
845 3942 904 4005 illa
928 3941 1111 4021 quaerendi
1135 3943 1243 4010 forma
1267 3944 1360 4011 suifi-

222 4045 299 4124 ciat‚
323 4065 389 4128 qua
414 4064 495 4112 usus
519 4051 571 4111 est
594 4046 803 4112 Uthoffius
834 4045 866 4109 in
889 4046 1129 4126 particularum
1153 4067 1191 4111 τε
1214 4049 1275 4112 καί
1296 4067 1360 4115 usu

309 4268 317 4304 ¹
337 4270 372 4322 cf.
391 4270 409 4320 1.
428 4268 446 4321 1.
466 4283 515 4337 pq.
534 4269 593 4322 aas.
