2918 4972
623 362 664 370 ..-
710 330 837 388 89.-

163 522 269 594 paret,
293 533 358 594 quo
381 514 527 594 positot
457 515 597 578 totalia
621 514 726 578 minut
727 534 748 579 n
770 518 860 579 recte
885 512 1132 592 discertnunul;
1156 514 1214 579 sed
1238 515 1301 580 hoo

163 617 294 698 quidem
317 618 396 682 mihi
422 617 512 681 videt
500 623 554 682 tur
581 636 654 682 esse
679 618 826 683 cuiusvis
851 617 1025 682 editoris
1017 637 1050 681 m
1081 617 1300 682 elocutionem

163 721 261 786 buius
285 721 467 802 scriptoris
492 740 587 802 quem
610 721 643 785 in
668 721 820 785 manibus
847 721 948 785 babet
934 721 1153 802 tinquirere,
1179 729 1215 785 ut
1202 721 1300 784 thac

165 824 208 886 ria
240 831 344 904 atque
370 825 500 889 ratione
524 824 712 889 difficiliora
735 823 938 903 discrimina,
969 842 1054 905 quae
1090 843 1155 889 non
1186 823 1298 888 statim

164 926 267 1008 primo
302 929 399 1008 quasi
434 928 550 993 obtutu
585 936 760 1009 apparent,
795 935 978 1009 cognoscat
1011 927 1231 1011 cognitisque,
1270 927 1299 991 si

166 1049 226 1110 qua
265 1032 397 1116 legendi
422 1032 572 1097 varietas
607 1040 683 1097 orta
716 1031 769 1111 sit,
805 1039 920 1096 utatur
948 1030 990 1096 ad
1024 1041 1150 1096 rectam
1186 1035 1299 1095 textus

103 1198 107 1205 ,
167 1135 303 1200 termam
326 1134 546 1200 enodandam.
593 1134 679 1215 quod
708 1135 787 1200 mibi
810 1131 1139 1200 Kuehleweinius
1163 1134 1300 1214 saepius

169 1236 296 1304 ridetur
335 1239 463 1303 vitasse
501 1237 625 1303 codicis
659 1238 692 1300 A
726 1237 829 1301 nimia
863 1237 1095 1303 aestimatione
1130 1237 1298 1318 deceptus.

170 1339 223 1404 sed
258 1341 347 1407 breui
382 1348 532 1422 tempore
564 1359 802 1422 cognoscemus
837 1341 968 1406 minime
1004 1341 1056 1406 hic
1086 1340 1230 1406 codicem
1266 1342 1299 1404 A

172 1443 288 1522 primas
320 1453 435 1526 partes
470 1464 581 1528 agere,
615 1447 715 1510 immo
749 1445 960 1510 Marcianum
994 1446 1093 1527 longe
1128 1444 1298 1510 meliorem

174 1565 318 1614 servasse
345 1550 530 1614 lectionem.

251 1651 384 1717 Initium
401 1651 644 1732 disquisitionis
661 1652 782 1716 faciam
797 1634 912 1716 alibro
926 1645 972 1716 dc
984 1651 1124 1731 prisca
1136 1649 1305 1716 medici·-

177 1769 233 1829 na,
244 1772 306 1833 qua
317 1775 354 1820 rc
368 1755 525 1820 absoluta
538 1775 588 1820 me
602 1762 731 1820 vertam
745 1755 787 1820 ad
801 1755 870 1820 lde
884 1774 950 1819 aa.
960 1756 991 1834 l.,
1004 1755 1101 1820 tinem
1114 1754 1216 1819 saciet
1228 1753 1297 1819 lde

178 1872 277 1932 praen.
315 1860 490 1923 materiam
507 1858 715 1939 disceptandi
733 1859 816 1924 satis
832 1859 1002 1939 copiosam
1025 1859 1075 1922 ita
1098 1857 1298 1939 dispescam,

178 1961 212 2019 ut
237 1958 266 2024 in
299 1962 406 2027 altera
439 1968 536 2043 parte
571 1981 669 2044 agam
703 1961 743 2026 de
778 1962 1008 2041 substantivis,
1046 1961 1079 2026 in
1115 1961 1223 2026 altera
1257 1961 1298 2026 dc

178 2057 345 2129 allectivis.
382 2064 440 2130 sed
464 2066 527 2131 boc
552 2065 649 2130 velim
673 2065 940 2130 animadvertas:
976 2083 1106 2145 semper
1139 2084 1208 2129 rem
1243 2065 1297 2148 agi

178 2160 214 2226 de
235 2169 413 2235 nominibus
438 2169 638 2249 compositis,
663 2169 783 2250 quibus
807 2169 938 2234 articuli
963 2169 1081 2234 desint.

251 2269 274 2336 l.
324 2271 601 2338 Substantiva.
670 2272 859 2352 quindecim
894 2273 1046 2354 exempla
1082 2273 1300 2339 inveniuntur

177 2367 228 2434 inl
252 2374 289 2440 de
304 2396 335 2457 p.
353 2396 406 2454 m,
435 2377 490 2441 ubi
513 2377 700 2457 particulae
728 2396 765 2440 τε
788 2379 848 2440 καί
869 2377 1056 2443 nominibus
1078 2377 1298 2458 interpositae

177 2471 332 2556 leguntur:
367 2498 394 2545 o.
421 2486 448 2544 l.
474 2486 502 2544 1.
527 2485 556 2544 6.
587 2479 725 2544 νούσων
752 2499 788 2543 σε
812 2480 870 2543 καὶ
893 2477 1064 2545 θανάτου.
1110 2499 1136 2544 c.
1161 2486 1189 2544 3.
1214 2487 1243 2545 5.
1268 2485 1295 2544 3.

175 2584 295 2664 τροφήν
329 2605 365 2647 σε
399 2584 457 2647 καὶ
493 2582 642 2666 αὔξησιν.
690 2604 717 2649 o.
741 2590 770 2653 4.
796 2589 824 2648 5.
850 2588 899 2648 14.
935 2581 1070 2668 πολλῆς
1094 2583 1238 2666 σκέψιός
1261 2605 1298 2648 τε

175 2682 225 2744 ael
244 2688 370 2769 τέχνης.
417 2707 443 2752 c.
470 2693 497 2752 6.
524 2694 552 2752 7,
578 2693 605 2751 3.
633 2688 747 2770 τροφή
770 2708 808 2751 σε
831 2688 889 2751 καὶ
913 2684 1061 2769 αὔξησις.
1109 2707 1136 2751 o.
1161 2692 1189 2752 6.
1214 2693 1243 2751 7.
1267 2694 1288 2751 4

176 2781 342 2869 pelluegas
365 2791 423 2853 καί
447 2789 631 2873 ἀρρωστίη.
668 2810 694 2854 c.
721 2796 770 2854 10.
796 2797 845 2854 ll.
871 2795 898 2856 9.
925 2790 1062 2873 χάσμης
1078 2810 1114 2855 σε
1137 2792 1195 2855 ναὶ
1218 2808 1297 2855 νοσ-

175 2897 302 2973 σσγμοῦ.
349 2900 557 2959 ο.14.16.5.
582 2891 722 2976 σληιίός
750 2915 787 2958 σε
821 2895 880 2958 κοί
914 2893 1020 2975 ἰσχύν.
1064 2899 1296 2960 ο14.’16.19.

174 2993 252 3075 πρὸς
272 2994 401 3079 ηὸονην
424 3018 462 3061 σε
485 2998 543 3060 καὶ
566 2997 681 3077 κόρον.
728 3015 754 3060 c.
781 3003 830 3062 19.
855 3002 905 3062 22.
930 3002 959 3061 7.
995 2995 1226 3078 ἐρυσιπέλατά
1260 3018 1297 3063 σε

172 3098 223 3160 καί
236 3101 531 3183 περιπνευμονίαι.
563 3120 590 3164 c.
608 3107 658 3165 22.
677 3106 727 3164 28.
746 3106 795 3164 12.
814 3101 928 3182 φῦσάν
944 3120 981 3164 σε
998 3101 1056 3164 κοί
1071 3098 1295 3184 ἀνειλήματα.

171 3219 194 3265 c.
208 3206 253 3268 22.
266 3211 316 3270 28.
333 3211 380 3269 14.
395 3203 507 3288 κοιλίῃ
520 3225 557 3269 σε
570 3206 628 3268 καὶ
640 3203 788 3286 ιίώρηκι.
818 3222 835 3270 c
859 3210 909 3269 22.
925 3210 975 3269 28.
993 3209 1041 3269 15.
1056 3202 1177 3287 ψόφον
1189 3224 1226 3269 σε
1239 3207 1298 3270 καὶ

168 3305 327 3389 πάταγον.
353 3314 554 3373 ο.22.28.16.
568 3306 765 3391 μεταβολάς
777 3328 814 3372 σε
826 3310 884 3373 καὶ
897 3310 1063 3391 κινήσιος.
1094 3314 1295 3374 emanare.

166 3409 319 3494 νάρκησε
332 3414 391 3477 καὶ
403 3411 633 3495 πληρώματα.
666 3413 870 3478 ο.22.29.12.
885 3412 1099 3495 &precepero
1111 3433 1148 3476 σε
1161 3413 1220 3476 καὶ
1233 3411 1295 3495 φύ-

163 3534 263 3595 μοσο.
280 3515 338 3581 sed
351 3516 429 3597 quid
443 3516 695 3595 iaciemuscum
711 3516 902 3596 viderimus
910 3517 1008 3582 etiam
1023 3516 1236 3582 substantiva
1249 3517 1295 3580 in·

163 3618 276 3699 veniri,
289 3639 375 3701 quae
389 3621 463 3685 sola
475 3627 551 3701 part
540 3621 642 3686 ticula
655 3641 700 3684 κο
702 3621 862 3702 lcolligat
850 3626 885 3684 ta
900 3621 982 3685 sint.
954 3619 988 3683 ti
1018 3622 1103 3685 haec
1116 3627 1227 3684 autem
1242 3638 1296 3684 ex-

162 3723 774 3805 emplasiquisaccurateperspexitst
761 3723 1295 3788 tatimexclamabitlloratianum

160 3823 241 3889 illud
277 3827 343 3907 ,nil
380 3826 522 3892 moror‘.
569 3845 652 3891 sane
687 3832 765 3891 sunt
797 3827 958 3906 exempla,
994 3845 1079 3906 quae
1103 3846 1296 3908 oppugnare

161 3879 314 3995 viderem
329 3930 449 3994 ceteris
467 3949 487 3994 a
503 3929 597 3994 nobis
614 3948 717 4011 supra
739 3929 950 4009 compositis:
976 3928 1032 3994 sed
1058 3935 1168 3994 tamen
1195 3915 1297 3994 stabit

157 4033 275 4114 regula
290 4036 378 4099 hunc
395 4039 565 4099 auctorem
590 4034 767 4098 adamasse
784 4033 958 4112 utriusque
983 4033 1171 4112 particulae
1196 4052 1295 4113 copu-

157 4133 323 4202 lationem.
363 4138 395 4201 bi
424 4142 503 4202 sunt
524 4138 588 4201 loci
613 4137 840 4221 divergentcs:
875 4142 1064 4200 ο.1.1.19.
1088 4135 1178 4199 κατὰ
1198 4141 1295 4218 χεῖρα

157 4236 328 4304 καὶκατὰ
351 4242 503 4324 γνώμην.
548 4260 574 4304 c.
593 4245 620 4304 9.
641 4247 689 4305 10.
708 4248 735 4305 6.
765 4238 806 4303 δι’
831 4238 1003 4320 ἀγνωσίην
1030 4240 1089 4302 καὶ
1112 4237 1292 4321 ἁμαρτίην.
