2918 4980
680 363 893 421 ..92-

309 548 364 613 Sic
398 568 452 614 res
487 568 522 614 so
558 549 659 613 habet
680 549 714 612 iu
739 548 821 612 libro
852 548 891 611 (lc
916 567 945 627 p.
971 566 1012 610 m.
1059 566 1146 610 nuuc
1170 547 1358 623 videamus

146 712 149 717 .
223 651 385 732 quomodo
398 653 453 717 inl
478 651 522 716 ‹lc
537 650 888 731 aere,aquiS,locis
902 650 1036 714 nomina
1049 656 1267 714 conectuntur
1291 650 1358 729 pri-

212 775 309 824 mum
329 756 482 838 colligam
500 756 610 819 omnia
628 755 780 835 exornpla
797 761 831 818 ct
849 754 1014 818 nominum
1035 754 1107 819 sola
1120 754 1285 833 particula
1299 756 1361 816 not

221 859 472 925 coniunctorum
498 866 531 922 ot
554 878 677 937 eorum,
702 877 789 938 uuae
816 879 853 922 τε
876 859 936 922 καί
950 857 1124 937 particulis
1141 857 1358 937 copulantem

223 967 260 1028 ut
282 963 484 1027 commodior
507 963 674 1027 intellectu
699 963 757 1026 fiat
780 962 878 1026 liuius
902 961 1023 1042 capitis
1040 980 1197 1040 conexae,
1222 960 1358 1025 ordia-

223 1087 306 1131 mur
329 1066 376 1131 ab
402 1067 628 1146 arliectivis,
652 1086 793 1146 quorum
815 1067 849 1129 in
875 1066 892 1130 l.
911 1065 951 1130 (le
967 1085 996 1146 p.
1017 1085 1057 1129 m.
1082 1065 1357 1146 compositionem

223 1169 319 1234 modo
343 1169 573 1249 tractavimus,
596 1171 694 1234 tinem
719 1170 846 1234 saciant
869 1169 1091 1234 substantiva.

308 1273 334 1336 Ι.
370 1275 451 1337 nol:
486 1291 512 1337 c.
540 1280 567 1337 1.
592 1279 641 1336 34.
670 1280 696 1337 1.
731 1270 888 1336 ἁλυκοῖσι
915 1273 973 1336 καὶ
996 1270 1228 1354 ἀτεράμνοισι.
1274 1292 1302 1337 c.
1331 1279 1358 1338 1.

223 1383 272 1441 34.
299 1382 327 1441 3.
362 1377 535 1459 μετέωρος
569 1377 627 1440 καὶ
662 1379 789 1459 ψυχρή.
853 1395 879 1440 c.
905 1382 933 1440 3.
959 1382 1009 1440 35.
1034 1381 1083 1440 22.
1120 1375 1265 1458 νοσερὰς
1300 1377 1361 1440 καὶ

223 1477 386 1560 ῥοώόεας.
433 1500 459 1545 c.
473 1486 502 1545 3.
516 1486 566 1545 36.
583 1487 631 1544 11.
655 1480 755 1561 όγραὶ
782 1480 840 1543 καὶ
864 1479 904 1544 οό
925 1478 1083 1562 χαλεπαί.
1123 1499 1150 1544 c.
1174 1486 1203 1543 4.
1228 1485 1279 1544 37.
1308 1487 1360 1545 16.

224 1580 375 1666 σκληρὰς
408 1585 466 1648 καὶ
501 1584 650 1664 ἰσχυρός.
711 1603 738 1648 c.
762 1589 792 1647 4.
818 1589 867 1647 38.
893 1590 921 1648 3.
957 1581 1068 1665 ὀλίγαι
1102 1584 1160 1647 καὶ
1194 1586 1359 1666 πονηραί.

214 1706 251 1752 c.
270 1692 297 1751 7.
314 1692 365 1751 40.
385 1693 433 1751 10.
457 1685 634 1770 ἐπιτήδεια
657 1687 716 1750 καὶ
739 1684 970 1769 ἀνεσιτήόεια.
1022 1706 1048 1752 ο.
1065 1692 1094 1751 7.
1111 1691 1162 1750 42.
1182 1692 1230 1750 10.
1256 1683 1360 1767 σκλη-

224 1789 267 1871 ρό
290 1791 349 1854 καὶ
371 1787 563 1855 καυσώόεα.
609 1809 635 1854 o.
662 1795 689 1854 7.
712 1797 763 1854 42.
790 1795 839 1854 13.
874 1788 1000 1870 γλυκέα
1034 1790 1092 1853 καὶ
1114 1787 1228 1852 λευκά.
1275 1809 1302 1852 c.
1329 1794 1359 1853 7.

224 1898 350 1958 4317.
386 1891 508 1974 ἄριστα
543 1893 601 1956 καὶ
634 1893 868 1974 τακερώτατα.
915 1911 941 1958 ο.
967 1898 995 1956 3.
1020 1898 1070 1957 44.
1096 1898 1124 1956 3.
1153 1892 1360 1974 κουφότατα

224 1997 283 2062 καὶ
305 1994 511 2077 γλυκύτατα.
558 2015 584 2060 c.
604 2002 652 2061 10.
670 2002 721 2060 49.
739 2002 767 2060 3.
794 1995 970 2078 αὐχμηρὸς
992 1997 1051 2060 καὶ
1073 1994 1217 2078 βόρειος.
1264 2015 1290 2060 o.
1308 2001 1359 2060 10.

224 2105 275 2164 43.
299 2107 329 2164 4.
365 2097 543 2182 ἔπομβρον
578 2100 636 2162 καὶ
669 2099 786 2163 νότιον
820 2138 852 2158 a
880 2119 907 2163 c.
935 2105 982 2164 10.
1007 2105 1057 2164 51.
1085 2105 1133 2164 17.
1179 2119 1206 2165 ο.
1232 2105 1280 2165 12.
1306 2105 1359 2164 53.

226 2210 276 2268 15.
300 2202 478 2284 ἠπιώτερα
511 2203 570 2266 καὶ
603 2201 862 2284 εὐοργητότερα.
905 2222 931 2267 c.
959 2210 1006 2267 13.
1032 2209 1082 2268 55.
1107 2210 1136 2268 3.
1162 2202 1359 2285 ἀγριωτάτη

225 2307 283 2370 καὶ
307 2303 582 2388 ἀνωμαλωτάτη.
621 2325 648 2370 c.
665 2312 713 2370 15.
727 2311 777 2370 57.
791 2312 820 2370 3.
845 2305 961 2389 όερμόι
984 2308 1042 2370 καὶ
1066 2306 1224 2389 στάσιμα.
1264 2327 1290 2371 c.
1308 2313 1357 2371 15.

216 2416 275 2475 57.
302 2415 351 2475 15.
375 2408 519 2474 νοτώδει
552 2410 611 2474 καὶ
637 2407 784 2493 θολερῷ.
831 2430 858 2474 c.
883 2417 932 2474 15.
957 2417 1007 2475 57.
1033 2416 1083 2475 22.
1112 2408 1264 2493 ἀσθενὴς
1298 2411 1359 2474 καὶ

216 2511 383 2595 -βληχρός,
429 2532 455 2578 c.
481 2518 530 2577 16.
555 2519 606 2577 58.
631 2519 681 2578 22.
703 2513 836 2596 χρηστὰ
861 2514 919 2578 καὶ
942 2511 1091 2594 ἀνόρεῐα.
1138 2534 1164 2578 c.
1191 2521 1240 2580 16.
1257 2519 1309 2578 59.
1328 2520 1357 2578 3.

226 2615 383 2698 ἀνόρεῖος
406 2617 464 2680 καὶ
486 2614 647 2698 εὔψυχος.
688 2636 713 2682 ο.
728 2622 779 2681 23.
793 2622 842 2680 67.
857 2623 886 2682 3.
904 2615 1031 2681 πολλοὶ
1048 2618 1106 2681 καὶ
1122 2615 1358 2681 σοντοόοτιαό.

311 2721 354 2784 ll.
389 2742 431 2785 τε
453 2722 533 2784 nal:
566 2739 592 2784 ο.
619 2725 646 2784 l.
672 2725 722 2784 34.
746 2728 775 2784 2.
801 2717 887 2803 ψιλή
911 2741 947 2784 τε
970 2722 1029 2784 καὶ
1052 2716 1228 2801 όινυόρος.Ι
1275 2740 1303 2785 ο.
1328 2727 1358 2786 4.

226 2831 276 2892 36.
300 2831 350 2890 25.
387 2822 519 2907 σκληρά
552 2843 589 2887 τε
622 2824 681 2887 καὶ
715 2824 842 2906 ψυχρά.
889 2843 915 2888 ο.
940 2831 969 2888 4.
995 2830 1045 2889 37.
1065 2826 1098 2889 Ι2.
1134 2824 1299 2905 εὐτόνους
1322 2847 1360 2889 τε

225 2996 398 3062 austerique
416 2995 574 3062 ingenium
593 2996 725 3062 sapiunt:
755 2995 842 3047 cuius
870 2995 915 3047 rei
939 2997 1075 3048 nondum
1093 2998 1166 3048 satis
1185 2996 1361 3048 observatae

226 3083 299 3134 haec
318 3082 379 3134 sint
397 3084 545 3147 exempla:
572 3082 595 3133 Ι.
615 3081 748 3133 similis
767 3082 962 3133 verborum
984 3083 1139 3134 sonitus:
1168 3099 1197 3148 p.
1216 3099 1253 3134 m.
1275 3099 1299 3135 c.
1320 3084 1361 3134 10.

227 3168 267 3220 ll.
281 3167 322 3220 23.
340 3166 407 3236 μετα
420 3168 538 3236 στρόφου
552 3165 598 3218 καὶ
612 3167 713 3236 ψόφου.
729 3168 765 3220 de
780 3173 842 3220 arte
857 3184 881 3221 c.
897 3169 935 3220 13.
950 3184 999 3234 pg.
1013 3168 1053 3220 62.
1065 3172 1088 3221 ὁ.
1104 3169 1219 3235 Gomp.:
1239 3167 1363 3234 ταχύτητι

226 3254 272 3306 καὶ
290 3253 438 3322 βραδύτητι.
462 3256 499 3307 de
517 3255 637 3307 officina
656 3255 702 3321 (K.
722 3255 759 3307 II.
780 3271 803 3307 c.
822 3256 846 3307 8.
865 3256 906 3307 35.
926 3258 954 3322 5)
973 3254 1052 3323 ἅμμα
1070 3253 1116 3305 καὶ
1135 3255 1239 3323 ῥάμμα.
1264 3255 1301 3306 de
1320 3257 1361 3306 af·

227 3341 409 3393 tentionibus
429 3341 483 3407 (Li.
505 3342 559 3393 vol.
579 3342 630 3393 VI.
650 3358 673 3392 c.
693 3342 734 3392 48.
753 3357 802 3407 pg.
822 3341 929 3406 25841:
952 3341 983 3391 αὶ
1002 3341 1123 3409 samnitico
1141 3340 1186 3391 καίΙ
1204 3340 1362 3407 μελιτώόεα.

228 3428 264 3479 de
285 3428 366 3480 victu
384 3428 465 3479 llll
485 3428 540 3494 (Li.
559 3429 616 3479 rol.
635 3428 685 3479 VI.
706 3443 728 3478 c.
739 3428 781 3479 68.
799 3443 847 3493 pg.
867 3428 926 3479 598.
941 3429 995 3493 12);
1024 3427 1037 3477 ὃ
1061 3428 1158 3496 χρίνος
1175 3425 1220 3478 καὶ
1240 3427 1253 3478 ό
1272 3428 1362 3482 πόνος.

227 3514 283 3565 hoo
302 3515 473 3579 exemplum
494 3514 701 3579 Gomperzius,
721 3512 773 3579 qui
792 3515 823 3564 in
843 3515 1055 3566 commentario
1076 3516 1199 3567 editioni
1214 3516 1232 3566 l.
1247 3515 1283 3566 de
1299 3521 1363 3567 arte

228 3600 328 3653 addito
349 3615 396 3665 pg.
417 3600 466 3652 145>
485 3600 632 3651 nonnulla
650 3600 786 3664 exempla
804 3599 924 3651 illorum
947 3601 1161 3653 vocabulorum
1179 3601 1263 3653 iuxta
1281 3603 1363 3667 posi-

228 3692 326 3738 torum
357 3687 482 3752 collegit,
512 3687 654 3752 neglexit.
691 3686 728 3737 ΙΙ.
759 3686 901 3753 figurae
930 3689 1196 3740 sententiarum
1225 3687 1365 3755 (σχήματα

229 3771 371 3839 όι(ινοίαε);
391 3774 428 3824 de
447 3774 581 3825 articulis
602 3789 625 3824 c.
643 3772 685 3824 30.
704 3788 752 3838 pg.
773 3773 930 3825 1431311.
951 3774 991 3826 ll:
1021 3773 1064 3824 όιιὶ
1084 3775 1156 3826 τοῦτο
1176 3771 1366 3826 desultorem

228 3858 274 3911 καὶ
294 3858 338 3911 cirri
356 3861 429 3911 τοῦτο
447 3856 578 3910 κινέονται
596 3857 740 3926 (πόρισον).
774 3858 846 3911 ibid.
867 3875 890 3911 c.
910 3859 951 3912 82.
970 3860 1073 3913 2421.
1094 3860 1208 3913 11-12:
1236 3859 1269 3921 ἢν
1288 3858 1320 3912 όὲ
1337 3855 1366 3914 ἑε

228 3945 256 3997 τό
275 3945 335 4010 ἔσω,
362 3943 591 4013 βλαισότεροιΙῆν
610 3943 640 3998 όὲ
658 3943 684 3999 ἐς
702 3945 729 3996 τό
748 3944 806 4009 ἔξω,
826 3945 980 4014 γαυσότεροι
1001 3944 1161 4015 (ἰσόκωλον).
1196 3947 1232 3998 de
1259 3947 1365 3999 fractis

230 4052 254 4088 e.
269 4035 308 4087 16.
322 4036 362 4088 73.
377 4035 417 4087 19.
436 4035 472 4086 K.
485 4033 527 4086 II:
547 4032 592 4084 καὶ
610 4034 699 4087 καλαῖς
716 4033 761 4084 καὶ
782 4031 903 4099 αι’σχρώε
921 4030 1126 4100 (ὁμοιοτέλευτον
1144 4033 1189 4085 καὶ
1205 4032 1366 4102 ἀντίθετον).

229 4121 303 4173 haee
322 4136 473 4186 perpauca
492 4137 507 4173 e
526 4121 629 4172 multis
648 4120 807 4172 sufficiant.

317 4208 325 4244 ¹
342 4208 371 4261 h.
389 4208 408 4260 l.
428 4223 497 4260 cum
524 4207 658 4272 primum
681 4207 794 4272 primae
813 4206 1057 4272 interrogationis
1075 4207 1244 4272 geminatae
1269 4207 1367 4272 partis

230 4294 408 4358 membrum,
436 4294 516 4360 quod
545 4308 638 4359 supra
664 4293 864 4357 laudavimus
892 4292 982 4343 τεκαὶ
1009 4291 1187 4344 coniunctas
1215 4291 1367 4358 exhibeat,
