2918 4980
619 361 829 419 „83-

155 543 260 629 βάνῃ;
285 565 312 610 e.
332 552 380 610 18.
399 551 449 609 99.
468 552 496 609 5.
514 545 685 626 allobrog,
701 545 749 628 μὴ
766 546 1023 627 παραφρονήσῃ
1040 545 1098 607 καὶ
1115 542 1296 626 ἀποθάνῃ.

156 649 185 714 si
209 648 283 728 quis
306 655 421 728 posset
449 649 595 713 animum
619 649 776 713 imlucere
800 649 832 711 in
858 649 920 712 boe
943 649 1016 712 loeo
1040 647 1298 712 codicemVati-

160 771 280 817 canum
304 751 409 831 sequi,
434 753 487 832 qui
506 771 587 817 sane
612 759 723 817 aetate
748 751 884 816 inferior
908 759 958 816 est
975 751 1130 816 Parisino
1146 757 1221 829 446,
1240 751 1296 830 qui

158 874 195 918 re
218 856 278 917 καί
299 853 443 933 exhibet,
472 862 589 920 auctor
618 857 636 918 l.
662 855 701 919 de
726 873 840 935 praen.
876 855 909 918 in
934 855 1109 920 verborum
1135 855 1299 933 composi-

159 956 248 1022 tione
280 956 421 1022 eandem
445 958 532 1022 viam
557 958 727 1023 incederet
751 966 852 1038 atque
884 957 957 1022 libri
982 958 1022 1021 de
1046 977 1076 1037 p.
1103 977 1153 1036 m,
1183 955 1299 1021 ubire

160 1063 220 1124 καί
245 1060 440 1127 coniunctas
468 1063 659 1143 superiores
688 1082 788 1146 agere
816 1067 930 1142 partes
958 1062 1191 1125 intelleximus.
1239 1060 1298 1125 sed

160 1169 273 1229 tamen
286 1163 326 1229 de
340 1166 450 1229 haere
463 1160 619 1230 iudicium
634 1165 851 1230 cohibendum
865 1183 938 1229 esse
951 1183 1080 1229 censeo.
1108 1184 1222 1228 verum
1236 1165 1301 1229 boc

162 1273 289 1333 eertum
313 1267 447 1333 videtur
471 1287 543 1333 esse
568 1270 666 1334 huius
700 1268 774 1333 libri
808 1268 965 1348 loquendi
996 1267 1132 1332 sormam
1159 1269 1299 1332 obeam

162 1388 301 1436 causam
337 1390 400 1435 non
434 1390 533 1451 posse
568 1372 756 1452 cornparari
780 1391 853 1437 eum
877 1373 1007 1451 ceteris,
1036 1391 1119 1452 quos
1143 1371 1300 1451 disquisi-

165 1474 283 1552 vimus,
308 1474 386 1554 quia
419 1482 486 1539 tam
511 1475 607 1540 exilis
631 1476 800 1540 invenitur
823 1476 1047 1556 exemplorum
1074 1493 1242 1554 numerus,
1268 1482 1302 1539 et

162 1577 242 1658 quia
274 1577 308 1641 in
342 1582 412 1642 toto
436 1580 596 1658 opusculo
620 1579 727 1662 magis
762 1581 916 1662 leguntur
944 1578 1077 1661 singula
1104 1579 1209 1644 verba
1233 1597 1301 1642 non

162 1680 320 1760 copulata
348 1700 448 1761 quam
473 1683 645 1762 complura
668 1683 782 1763 eliqua
808 1682 974 1762 particula
997 1700 1135 1746 conexa:
1162 1700 1241 1764 ergo
1267 1681 1302 1745 in

162 1785 227 1849 hac
251 1783 441 1866 quidemre
467 1785 591 1865 aliquid
618 1784 815 1850 discriminis
842 1785 1130 1868 investigavimus.

249 1886 291 1951 B.
337 1889 532 1969 Postquam,
554 1888 717 1968 quomodo
741 1890 774 1953 in
798 1890 865 1953 illis
889 1888 982 1953 libris
999 1888 1178 1968 scriptores
1196 1888 1303 1954 verba

163 1990 338 2071 particulis
351 1990 550 2070 copulativis
567 1992 768 2074 coniungere
786 1992 942 2068 solerent,
960 1991 1193 2070 intelleximus,
1207 2001 1305 2057 reeta

162 2093 403 2173 disquisitionis
426 2093 483 2158 via
499 2088 696 2159 adducimur
719 2094 760 2159 ad
786 2094 946 2159 nomina
970 2113 1056 2174 quae
1081 2101 1244 2160 vocantur
1270 2103 1305 2161 et

163 2216 250 2278 quae
274 2197 455 2262 seeundum
482 2199 772 2280 grammaticorum
799 2199 992 2263 Latinorum
1024 2198 1206 2262 doctrinam
1232 2198 1304 2265 dis-

163 2300 286 2366 cedunt
318 2301 353 2365 in
388 2300 473 2367 duas
507 2307 632 2382 partes,
667 2302 739 2367 dieo
766 2303 932 2367 vocabula
967 2307 1000 2366 et
1023 2303 1187 2382 apposita.
1235 2303 1305 2384 Qui

163 2404 265 2487 igitur
280 2423 361 2469 usus
378 2404 430 2468 bie
443 2404 544 2482 valet,
559 2405 722 2485 quomodo
740 2406 792 2470 hic
808 2410 965 2470 auctores
981 2406 1153 2485 complura
1166 2406 1307 2472 nomina

163 2512 352 2587 conectunt,
375 2513 485 2572 utrum
510 2508 584 2572 sola
606 2508 773 2588 particula
796 2511 856 2572 ael
879 2527 920 2572 an
945 2508 1068 2589 duplici
1090 2509 1148 2573 illo
1163 2528 1201 2573 re
1224 2510 1307 2574 nal?

165 2629 265 2691 quam
300 2610 342 2675 ad
377 2631 445 2676 rem
469 2611 602 2691 plenius
626 2611 869 2677 enucleandam
894 2630 1012 2677 ausam
1035 2613 1176 2692 praebet
1211 2614 1308 2678 locus

165 2713 285 2779 dubius
309 2715 328 2778 l.
353 2713 394 2778 de
417 2715 555 2795 prisca
579 2714 774 2780 medicina
798 2735 823 2779 c.
851 2722 899 2779 14.
926 2721 974 2780 16.
999 2722 1054 2780 21:

473 2817 624 2901 τάραχος
647 2820 704 2882 καὶ
728 2818 910 2899 ἀπόκρισις
934 2820 977 2883 Α.

472 2925 605 3006 ταραχή
628 2944 665 2986 ee
688 2924 747 2986 καὶ
770 2922 953 3005 ἀπόκρισις
976 2925 1020 2988 Μ.

166 3043 265 3105 quam
300 3026 429 3091 variam
463 3026 636 3092 lectionem
674 3029 728 3108 qui
763 3027 868 3092 libero
901 3034 1001 3109 atquo
1037 3029 1145 3093 soluto
1180 3028 1307 3094 iudicio

166 3129 420 3209 contemplatur,
437 3129 544 3209 primo
573 3130 673 3194 animi
701 3136 792 3195 motu
821 3130 986 3196 adductus
1016 3129 1121 3195 codici
1144 3131 1307 3197 Parisino

164 3232 309 3312 palmam
333 3231 438 3313 dabit,
463 3232 522 3297 sed
547 3238 685 3312 erraret,
710 3234 737 3299 si
760 3234 793 3298 in
810 3235 874 3298 hae
895 3234 1098 3317 cogitatione
1122 3233 1305 3300 insisteret.

164 3355 246 3400 sane
282 3335 428 3401 concedo
463 3336 560 3400 facile
595 3356 863 3416 unumquemque
898 3338 971 3401 sola
1004 3337 1062 3401 ille
1086 3357 1179 3413 voce,
1214 3357 1305 3419 quae

164 3444 217 3505 est
249 3439 413 3521 τάραχος,
448 3436 568 3505 adduci
596 3458 705 3520 posse,
740 3447 777 3504 ut
800 3440 923 3505 codicis
947 3441 981 3504 M
1015 3441 1201 3520 lectionem,
1237 3461 1305 3522 qua

164 3543 337 3608 tritissima
367 3543 465 3608 buius
502 3543 655 3609 vocabuli
691 3544 797 3608 t'orma
830 3546 963 3627 ταραχή
997 3544 1189 3624 praebetur,
1226 3564 1304 3610 con·

163 3652 305 3726 temnat3
344 3665 475 3725 semper
512 3645 601 3712 enim
640 3647 822 3712 seeundum
862 3648 1071 3712 Lachmanni
1115 3647 1304 3714 doctrinam

162 3749 272 3814 rarius
307 3749 507 3813 vocabulum
541 3751 624 3815 recti
660 3751 848 3831 sincerique
879 3751 1022 3832 speeiem
1046 3769 1128 3831 prae
1156 3769 1192 3817 se
1227 3751 1303 3817 lert.

163 3854 212 3918 sic
234 3853 348 3917 forsan
374 3853 574 3919 novissimus
599 3852 706 3918 editor
736 3855 947 3933 iudicaverit,
972 3855 1025 3933 qui
1050 3855 1083 3918 in
1107 3859 1200 3919 textu
1224 3874 1303 3920 cou-

163 3957 332 4022 stitueudo
368 3956 491 4021 codicis
515 3958 547 4021 A
582 3957 756 4023 lectionem
792 3964 928 4023 secutus
964 3964 1024 4023 est.
1070 3977 1167 4038 quem
1192 3957 1303 4024 virum

164 4060 297 4126 doctum
321 4061 378 4124 illo
402 4059 499 4125 modo
523 4060 728 4126 deliberasse
752 4061 839 4126 haud
863 4062 1023 4143 improbo.
1070 4080 1178 4141 neque
1214 4063 1302 4127 enim

163 4165 197 4228 iu
221 4168 316 4228 textu
340 4164 489 4229 cuiusvis
513 4165 659 4228 auctoris
677 4165 804 4229 edendo
822 4165 929 4229 editor
945 4184 1077 4245 semper
1093 4165 1174 4230 dare
1190 4169 1305 4244 potest

163 4285 310 4348 operam,
346 4272 382 4331 nt
416 4269 576 4348 exemplis
613 4269 755 4348 undique
790 4269 920 4333 collatis
955 4269 1017 4332 sibi
1051 4269 1301 4334 fundamentum
