2918 4980
616 366 829 424 ..56-

157 546 272 630 ὁννος,
296 546 382 629 quod
409 549 580 615 antecedit
603 547 775 615 enuntiato
791 548 1000 628 secundario,
1025 567 1088 612 non
1107 547 1289 626 invenitur;

157 652 185 719 si
210 657 322 717 antem
346 652 479 736 legitur,
515 654 682 736 significat
710 652 891 734 perieulum
916 660 1016 732 atque
1040 647 1071 715 id
1096 651 1289 731 perieulum,

158 755 245 837 quod
270 761 408 838 aegroto
431 756 589 832 imminet,
614 776 688 822 eum
712 757 795 821 iruoo
819 757 872 821 vel
895 756 955 820 illa
978 755 1150 821 accidunt:
1175 753 1288 818 eodem

158 875 260 926 sensu
294 859 396 924 semol
433 860 588 940 usurpari
621 860 758 924 uerbum
783 856 994 923 κινδυνεύειν
1017 860 1058 939 (o.
1083 863 1112 924 8.
1137 862 1166 922 9.
1194 855 1236 939 1.)
1258 857 1289 921 in

158 967 357 1027 transcursu
369 981 676 1028 commemoramus.
701 962 815 1042 itaque
832 961 897 1027 duo
914 962 1041 1042 scripta
1056 965 1189 1028 restant
1204 980 1289 1025 oom-

158 1051 322 1146 purenda,
346 1064 385 1130 de
410 1084 439 1131 a.
458 1084 487 1131 a.
505 1067 524 1130 l.
550 1066 646 1131 etde
671 1085 785 1147 praen.
810 1066 909 1130 etiam
934 1065 967 1129 in
992 1065 1042 1130 his
1067 1068 1203 1131 exstant
1228 1064 1291 1129 dis·

160 1168 308 1234 erimina.
344 1186 420 1232 nam
443 1168 475 1233 in
500 1170 520 1234 l.
537 1169 577 1234 <ie
595 1188 624 1234 a.
642 1188 672 1234 a.
690 1170 710 1234 l.
734 1173 811 1250 post
834 1187 953 1233 nomen
977 1165 1138 1248 κίνὸννος
1162 1187 1294 1248 semper

161 1270 314 1352 sequitur
346 1271 540 1350 infinitivus,
575 1273 607 1336 in
639 1273 659 1337 1.
685 1271 724 1336 de
748 1290 863 1352 preen.
900 1291 941 1336 ex
964 1271 1110 1352 quinque
1135 1271 1294 1352 exemplis

161 1373 225 1440 duo
259 1373 459 1440 vocabulum
494 1372 656 1455 κίνδυνος
690 1375 902 1440 ooniunotum
935 1375 1116 1440 ostendunt
1147 1393 1222 1439 oum
1246 1374 1293 1438 in-

161 1477 315 1558 sequenti
347 1476 514 1558 partioula
547 1479 606 1560 μή,
642 1497 727 1559 quae
763 1482 796 1542 ot
829 1478 903 1558 ipsa
926 1477 1041 1543 eodem
1064 1477 1137 1542 iure
1161 1477 1295 1557 ponitur

162 1585 264 1661 atque
298 1579 497 1647 infinitivus:
533 1581 646 1662 itaque
680 1582 734 1646 hio
768 1599 901 1662 quoque
936 1579 1062 1661 aliquid
1086 1579 1293 1645 differentiae

162 1683 349 1750 statuimus

248 1783 279 1869 β.
326 1787 508 1852 Transeam
528 1787 678 1853 adalind
702 1788 853 1867 verbum,
881 1787 969 1867 quod
992 1786 1177 1852 infinitivus
1202 1786 1295 1867 sequi

163 1895 285 1971 potest,
309 1889 382 1955 dieo
405 1887 535 1972 ttotg:
561 1911 659 1972 qnam
685 1893 837 1956 voculam
854 1891 1011 1970 Kuutius,
1040 1890 1102 1955 etsi
1126 1908 1162 1955 se
1186 1889 1297 1954 omnio

166 2012 227 2074 „oa
246 1994 427 2074 exempla,
465 1994 519 2059 ubi
558 1994 754 2059 infinitivum
802 1994 941 2060 subieoti
986 1994 1192 2074 provinciam
1239 1993 1295 2058 ad-

163 2095 372 2163 ministrure“
399 2103 589 2179 appareret,
621 2098 774 2163 attulisse
797 2097 986 2178 indioavit,¹
1011 2097 1167 2180 neglexit.
1213 2097 1315 2182 haee

164 2203 243 2266 sunt
266 2217 352 2281 queo
375 2200 521 2280 repperi:

250 2317 276 2385 1.
310 2318 351 2384 P.
364 2319 408 2384 Μ.
454 2321 579 2386 nullum
604 2326 715 2388 exstat
739 2322 934 2403 exemplum.

249 2424 294 2490 Π.
329 2420 475 2490 nnn.
522 2445 547 2490 o.
574 2430 623 2490 10.
647 2432 698 2491 49,
725 2432 773 2490 18.
809 2422 907 2506 ἐλπίς
941 2421 1148 2489 παύσασύαι
1175 2422 1297 2488 καὶτὸ

165 2528 374 2612 μετόπωρον
396 2526 537 2611 ὑγιηρὸν
560 2528 729 2610 γενὲσύαι.

252 2631 315 2696 HI.
350 2629 476 2696 Prnon.
523 2651 549 2697 ο.
568 2637 595 2697 7.
614 2638 663 2696 84.
682 2637 710 2697 2.
734 2637 888 2715 μανῆναι
910 2631 973 2696 τὸν
993 2631 1174 2712 κάμνοντα
1190 2628 1298 2711 ἐλπίς.

167 2755 193 2801 ο.
218 2740 247 2799 9.
271 2739 323 2799 87.
347 2739 385 2800 8.
401 2733 441 2798 τὸ
465 2734 602 2818 νόσημα
627 2786 633 2799 .
659 2786 666 2800 .
691 2788 697 2800 .
722 2735 757 2815 ἐς
780 2734 974 2799 ἀπόστασιν
997 2739 1174 2818 τραπῆναι
1189 2731 1298 2815 ἐλπίς.

167 2858 193 2903 ο.
213 2844 262 2903 15.
279 2843 329 2902 93.
349 2843 396 2902 12.
422 2834 520 2919 ἐλπὶς
546 2837 608 2902 τὸν
630 2838 674 2902 τὰ
690 2842 835 2902 τοιαῦτα
851 2838 1010 2902 πτύοντα
1026 2835 1299 2902 ἀπούανεῖσύαι.

167 2961 193 3006 ο.
213 2946 262 3006 18.
278 2946 328 3005 98.
347 2947 376 3005 7.
396 2941 462 3024 χρὴ
485 2940 548 3022 τὰς
571 2942 735 3022 τοιαύτας
752 2941 968 3022 ἀποστάσιας
983 2938 1131 3022 ἐλπίζειν
1147 2938 1299 3005 ἔσεούαι.

167 3065 195 3110 ο.
215 3050 264 3109 19.
280 3049 332 3109 99.
351 3050 399 3110 16.
423 3043 559 3128 ἔμπυον
582 3044 723 3111 ἔσεσύαι
739 3043 866 3110 πολλοὶ
882 3043 1020 3126 ἐλπίδες
1036 3049 1170 3110 τοῦτον.
1206 3063 1233 3109 o.
1249 3049 1299 3109 19.

170 3153 240 3213 100.
264 3153 294 3212 4.
318 3145 416 3229 ἐλπὶς
438 3147 501 3212 τὸν
525 3147 692 3230 ἀλγέοντα
715 3146 988 3214 ἀποθανεῖσθαι.
1023 3168 1051 3213 ο.
1075 3153 1125 3212 22.
1152 3152 1223 3212 102.
1248 3153 1299 3212 22.

169 3249 267 3331 ἐλπὶς
290 3250 531 3332 περιγενέούοι
553 3258 602 3336 τῷ
626 3254 703 3335 νέῳ.

256 3370 476 3455 Cognoscitur
510 3372 561 3437 his
597 3373 757 3453 exemplis
789 3372 909 3437 librum
943 3372 983 3436 de
1007 3389 1120 3451 praen.
1144 3371 1301 3435 voonlam

170 3474 268 3556 ἐλπίς
291 3473 444 3555 cupidius
465 3474 499 3538 in
525 3495 620 3541 usum
646 3494 785 3541 vocasse
809 3494 907 3556 quum
933 3481 1047 3540 oetera
1063 3473 1197 3554 scripta,
1222 3473 1302 3554 quia

171 3582 204 3645 in
238 3579 258 3645 l.
284 3579 323 3645 de
347 3597 378 3659 p.
404 3598 445 3642 m.
481 3580 617 3660 nullum,
651 3580 685 3643 in
718 3581 737 3644 l.
763 3577 803 3644 de
827 3597 857 3645 a.
882 3598 911 3644 a.
936 3579 957 3644 l.
993 3596 1090 3643 unum
1114 3578 1300 3659 exemplum

172 3688 245 3750 exst
269 3688 291 3748 t.

257 3823 285 3885 γ.
331 3802 429 3866 venio
453 3821 541 3867 nuno
565 3802 606 3868 ad
631 3808 814 3868 extremum
837 3801 1114 3884 disquisitionem,
1140 3821 1238 3884 quam
1254 3803 1302 3869 in·

173 3907 264 3972 stitui
298 3905 337 3970 de
372 3906 438 3971 illis
473 3906 595 3985 verbio,
631 3926 714 3986 quae
748 3907 933 3973 infinitivus
958 3908 1120 3989 sequitur,
1148 3926 1302 3988 quaeque

173 4011 317 4075 sortasse
341 4007 435 4073 nobis
459 4008 576 4073 maiori
601 4008 721 4074 iruotui
745 4009 808 4074 erit
828 4010 995 4090 prioribus
1027 4011 1186 4076 eiusmodi
1209 4010 1303 4076 inda-

173 4111 374 4197 gationibus,
398 4110 471 4177 dioo
494 4111 598 4191 εἰκός.
644 4112 728 4178 haee
749 4113 861 4178 inueni
886 4114 1054 4194 exempla:

261 4284 269 4320 ¹
287 4282 307 4334 1.
326 4281 345 4335 l.
363 4297 412 4350 pg.
431 4281 472 4336 22.
