2918 4980
630 260 843 319 ..87-

173 441 355 523 lectionem,
379 464 446 525 qua
469 445 633 510 omittitur
655 465 702 524 τε,
726 465 812 526 quae
836 445 946 526 lectio,
971 446 999 510 si
1024 465 1096 510 eam
1121 448 1302 528 amplecta-

176 565 250 628 mur,
274 547 363 629 quud
388 568 450 632 ego
474 549 605 629 quidem
631 550 739 629 velim,
764 549 906 631 quadrat
934 551 966 614 in
992 548 1140 617 auctoris
1165 570 1303 617 eonsue-

174 650 313 716 tudinem
338 651 564 732 eomponendi.
611 658 719 718 restat
742 653 844 735 igitur
867 672 893 717 c.
919 659 947 717 7.
972 659 1023 718 43.
1048 659 1077 719 9.
1102 652 1244 736 ὑγιαίνει
1267 676 1304 718 τε

174 754 227 818 καί
256 752 412 836 ἔρρωται.
461 755 537 835 quid
574 760 684 819 autern
720 757 810 821 valet
844 775 945 821 unum
977 757 1162 838 exemplum
1186 762 1305 822 eontra

171 862 228 938 tot,
252 857 306 923 ubi
333 858 403 922 sine
426 858 494 922 ulla
519 858 713 938 exceptione
738 859 843 923 verba
866 878 940 924 cum
960 861 1032 924 sola
1053 860 1221 940 particula
1247 862 1306 924 καί
1403 910 1405 915 .

168 977 297 1025 conexa
320 960 495 1043 leguntur?
535 981 597 1025 non
616 961 814 1039 videremur,
831 962 959 1042 opinor,
983 963 1161 1042 temerarii,
1184 963 1212 1028 si
1236 970 1302 1028 tum

164 1063 270 1129 etiam
293 1071 410 1129 eontra
426 1063 575 1128 codicum
592 1065 792 1144 scripturam
809 1066 1009 1144 particulam
1026 1067 1304 1141 recrederemus

164 1165 256 1230 sicut
280 1165 346 1230 alio
370 1166 467 1230 buius
491 1166 643 1246 opusculi
667 1168 739 1232 loeo
754 1170 772 1246 ¹,
807 1167 979 1248 scriptoris
1004 1168 1044 1234 de
1060 1190 1090 1250 p.
1110 1187 1149 1233 m.
1175 1168 1305 1233 dicendi

164 1286 292 1350 genere
315 1268 486 1352 indagate,
511 1289 538 1333 e.
564 1275 682 1334 abac
703 1276 751 1334 18.
777 1272 997 1352 expunximus
1014 1264 1166 1337 voculam
1192 1273 1305 1336 αἰτίαν

167 1373 316 1438 codicum
334 1393 497 1439 consensu
519 1374 688 1454 traditam,
712 1375 957 1440 introduximus
981 1376 1158 1458 rennuente
1182 1375 1224 1440 ab
1247 1375 1305 1439 illo

173 1475 371 1542 adamatam.
408 1484 485 1542 sunt
508 1482 617 1542 autem
648 1478 722 1556 loci,
747 1497 763 1541 e
788 1477 908 1558 quibus
933 1479 1029 1542 buius
1053 1479 1199 1544 auctoris
1225 1496 1305 1543 usus

171 1581 323 1659 pellucet,
346 1580 393 1646 hi:
418 1600 436 1645 c
463 1587 492 1645 8.
509 1586 559 1644 45.
578 1585 606 1644 3.
631 1580 823 1662 ἐκκρίνεται
839 1581 897 1644 καί
912 1579 1092 1662 ἐξίσταται.
1125 1599 1152 1645 ο.
1166 1586 1196 1645 8.
1210 1587 1261 1645 45.
1274 1587 1304 1646 5.

170 1678 323 1748 λείπεται
345 1685 403 1747 καί
426 1682 652 1766 γλυκαίνεται.
699 1703 725 1748 ο.
743 1689 773 1749 8.
790 1689 842 1748 45.
860 1689 889 1748 9.
915 1682 1044 1748 ὁκόταν
1068 1681 1104 1747 ἀὲ
1127 1681 1305 1768 ἀάροισάῇ

168 1789 226 1853 καί
250 1795 441 1872 συστραφῇ.
473 1793 660 1852 (16462.
685 1787 878 1868 ἐκκρίνεται
901 1789 959 1852 καὶ
983 1786 1193 1870 ἀφανίζεται.
1230 1807 1256 1853 c.
1275 1793 1305 1852 8.

163 1893 217 1957 46.
237 1897 266 1957 9.
292 1890 494 1975 ἀφανίζεται
509 1893 567 1955 καὶ
588 1890 861 1975 ἀναξηραίνεται.
900 1898 1109 1958 (1114625.
1135 1887 1307 1972 στασιάζει

160 1996 225 2060 καὶ
249 2000 376 2076 κρατεῖ.
423 2014 450 2060 ο.
475 2002 503 2060 9.
528 2001 578 2059 17.
607 2001 653 2060 16.
679 1992 836 2060 dereined
858 1995 1055 2076 ἐξουρεῖται.
1094 2014 1121 2060 c.
1139 2001 1235 2059 9.47.
1258 2000 1305 2060 17.

158 2099 398 2180 συστρέφεται
427 2100 486 2162 καὶ
509 2100 751 2181 συμπήγνυται
808 2119 825 2163 e
859 2105 889 2163 9.
913 2105 963 2163 47.
989 2104 1031 2164 24
1070 2095 1227 2181 τρίβουσι
1249 2098 1307 2162 καί

154 2195 316 2266 ἕλκουσι.
354 2222 380 2267 ο4
406 2207 456 2265 22.
482 2207 531 2265 64.
556 2207 606 2267 99.
644 2199 910 2284 ἀποχωλοῦνται
937 2202 996 2265 καί
1018 2200 1209 2266 ἑλκοῦνται.
1256 2201 1308 2266 uis

158 2305 331 2385 exemplis
365 2305 517 2370 omnibus
552 2305 700 2370 collectis
740 2323 814 2369 mea
848 2305 980 2385 quidem
1020 2305 1190 2370 sententia
1224 2305 1307 2369 satis

157 2410 261 2474 clare
284 2409 466 2489 percipitur
490 2408 580 2473 nullo
604 2408 700 2473 modo
734 2408 767 2471 in
793 2409 856 2472 bac
880 2408 1011 2488 quidem
1047 2426 1082 2471 re
1118 2408 1306 2473 consentire

162 2518 327 2578 auctores
349 2512 507 2576 librorum
532 2511 572 2576 de
595 2532 626 2592 p.
652 2531 692 2575 m.
718 2511 815 2575 etde
841 2531 869 2576 a.
895 2531 923 2576 a.
950 2513 969 2574 l.

226 2613 1307 2695 Venionuncadeiusviri,quil.depraenotionibusseripsit,

166 2720 202 2784 in
218 2720 330 2785 haere
344 2738 449 2784 usum.
474 2719 536 2783 hoe
548 2719 830 2798 praemonendum
843 2724 894 2782 est
906 2719 938 2781 in
953 2717 1003 2781 bis
1017 2716 1305 2797 disquisitionibus

171 2822 342 2904 aliquanto
366 2822 533 2887 difficilius
557 2841 657 2902 quam
682 2830 783 2886 antea
807 2821 998 2886 discrimina
1031 2819 1201 2902 indagari:
1231 2840 1305 2884 nam

173 2932 232 2991 aut
256 2929 315 2990 ναί
337 2933 396 2991 aut
430 2946 466 2990 τε
489 2928 549 2989 καί
580 2926 755 3006 particulis
789 2927 894 2991 verba
927 2925 1136 3005 copulantur,
1170 2925 1307 2989 tertium

173 3049 238 3094 non
263 3029 370 3095 datur.
418 3048 497 3112 ergo
521 3035 613 3093 certa
637 3034 835 3111 argumenta
862 3029 896 3092 in
918 3028 982 3092 bac
1005 3047 1041 3092 re
1076 3032 1144 3090 tum
1180 3034 1308 3091 tantum

172 3134 396 3213 inveniuntur,
431 3152 505 3197 eum
540 3132 613 3212 quis
649 3133 713 3196 duo
737 3132 861 3212 scripta
895 3132 982 3195 inter
1005 3150 1041 3196 se
1065 3129 1203 3195 confert.
1250 3131 1306 3194 sed

173 3237 283 3315 etiam,
292 3237 319 3301 si
334 3237 452 3301 tertius
466 3237 549 3300 liber
563 3235 1308 3316 quaestioniaceedit,fieripotestuteruatur,

172 3341 322 3420 primum,
331 3341 395 3404 utri
408 3339 534 3404 formae
548 3341 654 3422 magis
667 3339 964 3405 sitdeditadieendi
972 3339 1171 3419 proprietas,
1180 3339 1308 3415 deinde,

173 3452 282 3508 utrum
297 3443 412 3507 eadem
427 3443 605 3507 crebritate
618 3443 751 3524 singula
764 3443 929 3506 vocabula
939 3446 1159 3506 conectantur
1171 3459 1213 3504 an
1229 3460 1308 3504 auc-

173 3554 225 3612 tor
242 3547 348 3629 rnagis
366 3547 398 3609 in
418 3547 545 3610 deliciis
558 3547 713 3610 babuerit
726 3546 829 3608 rerba
844 3565 908 3610 non
922 3544 1089 3625 copulata.
1116 3546 1309 3623 quaerimus

173 3649 284 3732 igitur,
299 3650 407 3729 qualis
421 3650 520 3714 luerit
534 3651 692 3729 auctoris,
706 3649 760 3728 qui
774 3649 795 3711 l.
810 3649 850 3712 de
863 3668 978 3728 praen.
993 3648 1145 3723 coniecit,
1170 3665 1309 3712 consue-

173 3752 254 3818 tudo
266 3753 300 3816 in
314 3753 424 3817 verbis
437 3753 682 3833 componendis.
697 3752 753 3817 sed
763 3752 1144 3828 bienibileertielieitur;
1154 3751 1311 3832 leguntur

174 3856 259 3921 enim
285 3856 349 3920 duo
385 3857 457 3935 loci,
486 3856 647 3936 equibus
672 3858 756 3920 alter
779 3855 963 3936 particulas
991 3876 1027 3918 τε
1051 3855 1118 3932 καί,
1144 3855 1230 3918 alter
1253 3855 1313 3915 καί

173 3961 277 4026 solani
302 3961 453 4040 praebet:
483 3981 508 4025 e.
527 3966 576 4024 24.
597 3967 667 4024 105.
686 3966 714 4023 9.
742 3959 785 4042 ἢν
810 3958 969 4042 διαλείπῃ
993 3958 1110 4021 τεκαὶ
1134 3955 1310 4038 καταλαμ-

265 4184 273 4221 ¹
292 4185 327 4236 el.
346 4200 396 4251 pg.
416 4184 456 4237 16.
