2918 4980
614 355 829 414 -38-

157 541 246 604 illam
282 541 431 622 regulam
457 542 619 621 exempla,
654 561 738 621 ηιιιιο
774 540 866 604 brevi
895 540 1045 620 afferam,
1079 544 1293 606 tractaturus

158 653 257 721 osset,
280 652 497 724 cognosceret
523 664 558 710 so
582 646 689 709 οΙοιιιιι
718 650 751 708 ιι
773 662 908 724 operam
932 644 1127 725 perdidisse.
1174 645 1293 726 itaque

158 747 210 812 hie
234 765 363 826 quoque
387 746 533 811 sufficiat
557 749 715 829 exemplis
740 749 888 813 collectis
916 767 956 812 tx
981 748 1126 812 numeris
1142 749 1293 833 singulo·

158 870 229 916 rum
254 853 427 914 auctorum
452 851 617 914 scribendi
645 870 736 916 usum
762 852 963 931 peculiarem
989 851 1234 917 demonstrare.

243 971 268 1034 I.
304 969 343 1034 P.
358 968 398 1033 11.
446 975 474 1033 1.
500 968 596 1035 δεῖνε
632 991 658 1034 ο.
683 978 711 1035 2.
736 977 765 1035 2.
790 978 840 1036 20.
864 969 1014 1053 μάλιστα
1049 970 1086 1036 δέ
1118 993 1181 1055 μοι
1212 973 1294 1055 περὶ

157 1075 287 1156 ταύτης
311 1071 381 1137 δεῖν
404 1070 548 1154 λέγοντα
571 1079 633 1157 τῆς
657 1075 778 1157 τέχνης
800 1073 936 1156 γνωστὰ
959 1072 1067 1157 λέγειν
1091 1127 1098 1140 .
1123 1127 1130 1140 .
1156 1127 1163 1140 .
1212 1095 1241 1141 ο.
1263 1083 1292 1142 9.

158 1185 187 1243 9.
211 1184 240 1242 9.
265 1175 308 1241 ἀν
331 1174 398 1240 ἔδει
422 1228 428 1241 .
454 1229 460 1241 .
486 1230 493 1242 .
518 1175 610 1258 ἀγειν
634 1177 689 1242 ἐπὶ
714 1177 753 1241 τὸ
771 1176 1031 1260 ἀσδενέστερον.
1077 1199 1104 1244 ο.
1129 1185 1158 1244 9.
1185 1186 1214 1246 9.
1244 1187 1292 1246 17.

159 1280 281 1346 δεῖ
304 1281 434 1362 μέτρον
462 1279 556 1360 τινὸς
585 1279 831 1363 στοχάσασθαι.
878 1301 904 1345 ο.
927 1280 978 1346 12.
1005 1288 1053 1347 13.
1078 1289 1107 1347 5.
1132 1282 1175 1348 οὐ
1199 1285 1293 1367 φημὶ

159 1382 195 1448 δὲ
219 1379 289 1447 δεῖν
313 1435 319 1449 .
345 1435 351 1448 .
377 1431 384 1446 .
409 1382 472 1466 τὴν
495 1386 618 1467 τέχνην
642 1436 648 1448 .
674 1434 679 1445 .
706 1436 712 1449 .
738 1382 1010 1466 ἀποβάλλεσδαι.
1056 1391 1293 1453 ο.13.13.15.

160 1485 211 1551 δεῖ
242 1485 304 1551 τδν
338 1485 457 1568 ὀρδῶς
492 1489 696 1570 ἰητρεύοντα
726 1486 880 1571 βοηδεῖν.
927 1508 954 1553 ο.
978 1495 1028 1553 26.
1054 1496 1104 1554 24.
1129 1495 1158 1554 8.
1184 1495 1293 1555 τοῦτο

157 1590 209 1655 δεῖ
240 1589 470 1673 καταμαδεῖν.
528 1613 545 1655 ο
579 1598 629 1656 21.
654 1597 779 1685 2611.
805 1590 857 1655 δεῖ
888 1589 924 1655 δὲ
958 1589 1008 1671 οὔ,
1044 1591 1117 1657 ἀλλ’
1152 1591 1292 1659 εἰδέναι.

157 1714 184 1760 e.
208 1700 259 1759 22.
283 1699 334 1758 26.
360 1699 409 1758 18.
435 1692 506 1758 δεῖν
529 1693 566 1759 δέ
588 1716 648 1777 γιοι
671 1693 767 1758 δοκεῖ
787 1696 844 1759 καὶ
867 1699 978 1760 ταῦτα
1001 1694 1135 1762 εἰδέναι.
1187 1719 1215 1763 ο.
1241 1705 1292 1764 22.
1335 1689 1337 1692 ’

157 1804 207 1864 27.
233 1803 261 1863 3.
286 1797 572 1880 καταμανθάνειν
596 1797 632 1863 δὲ
655 1797 707 1862 δεῖ
728 1803 848 1864 ταῦτα.
894 1820 920 1864 ο.
945 1805 994 1864 23.
1020 1805 1070 1865 29.
1095 1804 1145 1865 23.
1171 1804 1292 1884 μυρία,

158 1899 179 1966 ἃ
202 1900 255 1966 δεῖ
275 1901 391 1965 πάντα
414 1900 548 1968 εἰδέναι.

243 2012 272 2070 2.
304 2006 394 2087 χρηῑ
422 2025 449 2069 ο.
476 2011 503 2069 1.
520 2011 549 2069 2.
567 2011 596 2070 7.
621 2005 709 2086 πρὸς
733 2003 800 2069 ὅτι
820 2005 885 2087 χρὴ
910 2004 1139 2088 ἀνενέγκαντα
1163 2005 1295 2072 εἰδέναι

157 2107 197 2173 τὸ
222 2109 339 2191 σαφές.
385 2127 412 2172 ο.
430 2114 458 2174 6.
475 2113 504 2172 6.
522 2115 573 2173 24.
597 2107 634 2173 εὗ
652 2107 687 2172 δὲ
701 2109 766 2191 χρὴ
783 2112 887 2173 τοῦτο
904 2107 1038 2174 εἰδέναι.
1078 2130 1104 2175 ο.
1126 2116 1173 2174 11.
1194 2117 1245 2176 12.
1264 2117 1294 2176 4.

158 2209 359 2294 σκὲψσσδαι
392 2209 429 2274 δὲ
460 2213 535 2294 χρη.
588 2232 614 2277 ο.
642 2219 689 2277 13.
716 2219 764 2277 14.
789 2218 818 2277 2.
853 2213 888 2276 τί
920 2210 957 2276 δὲ
988 2212 1053 2295 χρὴ
1082 2266 1088 2278 .
1114 2263 1153 2278 ..
1187 2234 1295 2297 παρε-

158 2313 363 2401 σκευάσδαι6

243 2424 272 2484 3.
307 2417 478 2501 ἀνάγαγε
503 2438 529 2482 ο.
548 2424 574 2482 1.
593 2424 621 2482 2.
640 2425 668 2482 3.
693 2418 771 2500 περὶ
795 2417 844 2484 ὧν
868 2418 1000 2502 ἀνάγκη
1025 2472 1031 2483 .
1057 2472 1064 2484 .
1090 2469 1094 2479 .
1120 2418 1296 2487 ὑποδέσει

155 2519 317 2605 χρῆσθαι.
375 2542 401 2587 ο.
432 2529 481 2587 15.
516 2528 561 2586 17.
592 2529 641 2586 12.
676 2520 792 2605 ληρεῖν
827 2522 968 2604 ἀνάγκη.
1026 2543 1053 2587 ο.
1083 2529 1123 2587 19
1161 2530 1213 2589 22.
1243 2532 1294 2591 14.

157 2624 432 2705 τοιουτότροπον
455 2623 612 2706 γίνεσδαι
633 2623 774 2708 ἀνάγκη.
810 2645 836 2690 ο.
854 2630 904 2689 22.
922 2630 972 2690 23.
992 2631 1040 2690 17.
1070 2624 1207 2711 ἀνάγκη
1231 2629 1294 2694 ὑπ’

159 2728 276 2794 αὐτῶν
299 2728 421 2811 ψόφον
445 2776 452 2791 .
478 2779 485 2793 .
511 2781 516 2793 .
541 2727 706 2809 γίνεσδαι.

243 2848 287 2912 Π.
323 2845 361 2913 1.
375 2845 415 2913 Α.
429 2848 466 2914 L.
514 2855 540 2912 1.
566 2846 640 2912 tet:
665 2867 690 2912 ο.
717 2854 744 2912 1.
762 2852 811 2913 33.
829 2853 858 2912 9.
884 2846 963 2913 δεῖ.
990 2902 996 2914 .
1021 2897 1028 2912 .
1052 2853 1123 2914 τῶν
1146 2848 1297 2919 ὑδάτων

158 2951 390 3035 ἐνδομεῖσδαι
412 2951 474 3033 τάς
498 2951 681 3034 δονάγιιας.
733 2971 759 3016 ο.
785 2958 834 3017 16.
852 2958 902 3018 50.
921 2958 971 3017 13.
997 2952 1104 3018 αὐτὸν
1127 2951 1196 3018 ἔδει
1220 2953 1297 3039 ἅμα

159 3062 208 3139 τῷ
231 3057 289 3141 ἦρι
312 3054 526 3121 διαλύεσδαι.
565 3076 592 3120 ο.
620 3063 667 3120 11.
693 3063 742 3120 52.
769 3061 817 3121 19.
843 3054 896 3120 δεῖ
916 3055 952 3120 δὲ
976 3057 1128 3122 καὶτῶν
1152 3055 1298 3141 ἀστρων

157 3159 220 3241 τὰς
244 3158 409 3241 ἐπιτολάς
432 3158 686 3242 φολάσσεσδαι.

243 3271 272 3329 2.
305 3266 395 3348 tot:
431 3285 457 3330 ο.
483 3270 510 3328 1.
536 3270 586 3329 33.
613 3271 639 3329 1.
664 3263 745 3328 τάδε
776 3265 841 3348 χρη
876 3270 997 3330 ποιεῖν.
1055 3285 1082 3329 ο.
1112 3272 1139 3329 1.
1163 3269 1215 3329 33.
1246 3272 1296 3330 13.

158 3368 400 3452 διαφροντίσαι
431 3369 496 3451 χρὴ
531 3368 595 3451 την
622 3367 731 3433 δι’σιν.
778 3389 804 3433 ο.
831 3377 857 3433 l.
883 3375 933 3433 33.
960 3374 1008 3433 18.
1033 3372 1144 3433 ταῦτα
1169 3366 1206 3432 δὲ
1227 3369 1297 3452 χρὴ

157 3470 389 3555 ἐνδομεῖσδαι
423 3473 470 3553 ὡς
504 3471 680 3537 κάλλιστα.
728 3493 754 3538 ο.
779 3480 808 3538 2.
833 3479 883 3537 34.
909 3478 937 3536 7.
959 3472 1024 3555 χρὴ
1060 3470 1299 3554 ἐνδομεῖσδαι

157 3575 294 3641 ἕκαστα.
342 3596 369 3642 ο.
383 3581 412 3641 3.
426 3583 476 3641 35.
491 3585 519 3642 6.
541 3577 606 3660 χρη
631 3576 760 3641 ἕκαστα
774 3629 780 3641 .
795 3627 801 3641 .
817 3629 823 3641 .
838 3582 990 3642 σκοπεῖν.
1037 3596 1063 3640 ο.
1090 3583 1137 3640 11.
1163 3581 1215 3640 52.
1244 3584 1297 3665 12.

158 3677 400 3762 φολάσσεσδσι
433 3678 470 3744 δὲ
500 3681 565 3763 χρὴ
600 3680 662 3760 τάς
696 3677 893 3762 μεταβολὰς
916 3683 987 3743 τῶν
1010 3679 1139 3760 ὡρέων.
1187 3697 1214 3743 ο.
1242 3686 1295 3744 22.

158 3787 208 3847 65.
233 3786 283 3847 20.
308 3782 410 3866 ἐχρῆν
424 3836 429 3848 .
445 3836 451 3848 .
467 3832 473 3846 .
488 3783 529 3848 οὐ
553 3789 625 3863 τοῖς
648 3777 944 3864 γενναιοτάτοις..
960 3834 966 3845 .
980 3783 1225 3864 προσπίπτειν.

243 3892 272 3952 3.
308 3883 498 3968 ἀνάγκη“;
523 3906 549 3950 ο.
573 3893 601 3950 3.
627 3892 676 3950 35.
704 3893 752 3950 13.
777 3884 939 3968 ὑφαλοκά
964 3883 1095 3968 ἀνάγκη
1122 3885 1299 3953 εἶναικαὶ

157 3988 357 4073 μετέωραῒ
402 4009 429 4054 ο.
453 3996 482 4055 4.
508 3995 558 4054 37.
582 3995 611 4054 2.
635 3987 719 4069 τοὺς
753 3987 789 4053 δὲ
824 3987 1040 4070 ἀνδρώποος
1066 3988 1235 4071 εὐτόνους
1260 4012 1299 4058 τε

245 4194 253 4230 ¹
272 4210 310 4246 ex
334 4193 391 4245 alio
411 4194 535 4246 consilio
555 4194 713 4258 egrediens
732 4195 804 4245 haee
823 4195 961 4260 exempla
980 4195 1039 4246 iam
1058 4195 1215 4265 Kautirus
1237 4200 1299 4251 eol-

157 4281 230 4349 legit
248 4280 289 4349 (in
309 4279 525 4344 dissertatione,
545 4296 604 4347 qua
623 4280 682 4345 egit
701 4280 737 4331 de
756 4279 917 4332 modorum
936 4294 994 4332 usu
1013 4278 1045 4334 in
1062 4280 1152 4347 Hipp.
1171 4284 1300 4352 scriptis
