2918 4980
722 369 936 431 ...32-

263 558 497 623 similitudines
521 559 663 636 entare,¹
689 555 785 620 modo
809 555 950 639 singulis
973 555 1104 621 indiciis
1126 555 1220 622 nobis
1237 574 1301 621 non
1325 575 1401 636 per·

264 661 361 740 mitti,
386 665 423 725 ut
446 661 611 725 artissime
629 658 769 723 alterius
786 658 960 738 scriptoris
977 678 1073 723 usum
1091 659 1133 722 ab
1157 658 1261 723 altero
1286 679 1400 742 segre·

264 781 391 848 gemus.
437 772 548 827 tamen
585 782 683 843 spero
712 781 763 825 me
787 781 885 841 quam
911 780 1046 842 possum
1072 762 1276 827 validissime
1300 762 1401 827 eil'ee-

264 875 375 932 turum
399 885 484 946 esse,
504 881 540 931 ut
556 866 784 946 unusquisque
808 866 985 948 intellegat
1000 864 1080 928 nilril
1096 865 1279 930 eommunis
1297 870 1400 944 atque

263 969 396 1035 consoni
415 976 549 1034 exstare
573 969 662 1036 inter
683 968 812 1032 illorum
832 967 987 1031 librorum
1005 973 1168 1032 auctores.
1207 968 1239 1030 in
1257 968 1400 1050 singulis

263 1074 364 1138 rebus
381 1071 564 1137 enodandis
577 1071 624 1136 ita
640 1090 750 1154 agam,
774 1074 810 1135 ut
826 1088 957 1150 semper
973 1070 1171 1152 progrediar
1194 1090 1234 1135 ea
1257 1071 1399 1150 ratione,

263 1193 363 1256 quam
388 1183 421 1240 et
443 1175 631 1256 philosophi
657 1179 690 1238 et
714 1193 824 1239 rerum
850 1174 1052 1237 naturalium
1077 1173 1173 1253 periti
1200 1180 1323 1239 vocant
1350 1176 1401 1239 in·

264 1280 444 1360 «irretirent,
479 1281 527 1343 ita
563 1285 598 1344 ut
632 1279 859 1358 exemplorum
883 1285 1021 1341 caterva
1044 1277 1274 1356 praemissae
1309 1285 1400 1342 reete

264 1383 448 1464 perspectis
472 1382 612 1464 singulis
637 1382 713 1462 quid
738 1381 1000 1446 concludendum
1024 1381 1068 1444 sit
1091 1389 1208 1461 postea
1233 1400 1401 1445 eruamus.

264 1507 371 1568 neque
396 1488 480 1551 enim
505 1488 575 1552 fieri
599 1491 721 1567 potest,
747 1491 783 1550 ut
807 1505 827 1550 a
851 1486 944 1550 lirmo
968 1486 1129 1567 principio
1148 1487 1273 1567 egressi
1298 1506 1401 1566 quae-

264 1590 389 1655 stiones
424 1586 646 1668 instituamus,
682 1591 761 1670 quia
795 1596 864 1654 tum
900 1610 1031 1669 seurper
1065 1591 1247 1668 perieulum
1274 1598 1334 1666 est,
1361 1610 1401 1653 ne

263 1696 361 1757 lietere
397 1694 541 1774 opinioni
577 1695 679 1758 dediti
715 1694 777 1758 etsi
813 1694 964 1757 nolentes
989 1701 1142 1757 eventum
1169 1693 1402 1772 depravemus,

263 1799 347 1861 siout
368 1797 582 1878 Hippolytum
600 1797 765 1875 Tainium,
782 1795 1006 1860 electissimum
1026 1797 1115 1859 illum
1132 1798 1402 1878 lbarreogallum,

266 1902 295 1963 iu
333 1900 619 1980 disquisitionibus
655 1919 714 1964 seu
749 1900 789 1964 ad
815 1900 987 1963 lristorium
1013 1918 1071 1963 seu
1096 1899 1136 1963 all
1174 1899 1303 1964 litteras
1326 1920 1402 1981 per-

262 2003 442 2068 liuentibus
468 2004 564 2068 nimis
589 2023 689 2083 saepe
713 2003 832 2068 leeisse
858 2009 971 2068 uotum
996 2011 1055 2066 est.

750 2190 861 2274 Caput
885 2192 912 2256 Ι.

349 2315 423 2378 Hoe
448 2313 556 2392 eapite
586 2331 694 2378 sermo
719 2313 779 2377 erit
810 2314 855 2377 de
881 2314 1160 2379 voeauulorum
1186 2315 1402 2396 electione3

266 2436 340 2480 nam
365 2415 590 2495 exemplorum
616 2415 698 2480 satis
716 2434 837 2498 magna
860 2416 1015 2498 congerie
1040 2417 1265 2483 demonstrari
1289 2429 1405 2500 potest

265 2520 416 2599 singulos
452 2525 608 2583 auctores
632 2519 749 2582 mirum
774 2528 934 2598 quantum
968 2521 1054 2584 inter
1081 2539 1116 2585 se
1152 2522 1331 2588 abliorrere
1366 2525 1401 2589 in

265 2623 430 2688 nonnullis
456 2623 582 2687 voculis
607 2622 811 2687 adhibendis.
859 2632 958 2703 atque
993 2625 1042 2688 ita
1066 2626 1239 2690 materiam
1269 2627 1401 2709 dispes-

264 2747 347 2800 eam„
373 2733 408 2790 ut
432 2727 574 2806 primum
599 2745 697 2808 agam
714 2726 755 2791 de
774 2727 894 2806 verbis,
919 2727 1038 2791 deinde
1062 2729 1102 2792 de
1127 2729 1305 2810 adverbiis,
1331 2738 1402 2796 tum

265 2830 304 2892 ele
329 2829 560 2894 substantivis.

349 2948 387 3013 A.
417 2949 631 3014 Verborum
655 2950 782 3013 initium
808 2950 934 3014 faciant
962 2952 1084 3016 verba
1118 2952 1292 3032 (licendi,
1326 2955 1401 3024 (lico

263 3051 379 3134 λέγειν,
404 3053 522 3135 φάναι,
547 3052 645 3133 ἐρεῖν,
671 3050 826 3134 porigam:
862 3073 948 3132 quae
984 3055 1088 3119 rerba
1123 3057 1270 3121 erariis
1294 3058 1400 3138 serip-

264 3157 391 3220 toribus
417 3157 509 3219 varie
534 3166 756 3236 usurpantnrg
792 3175 866 3219 nam
904 3157 955 3221 bio
989 3159 1057 3236 illa,
1093 3159 1146 3222 ille
1177 3160 1260 3223 liaee
1296 3162 1401 3227 rerba

264 3260 416 3350 cupidius
452 3260 603 3338 arripuit.
660 3260 801 3339 primum
837 3262 999 3341 exempla,
1035 3269 1197 3341 quotquot
1230 3264 1400 3346 leguntur,

264 3364 419 3427 elimam:
445 3363 563 3443 quibus
587 3363 784 3442 antepositis
807 3363 905 3427 laeile
929 3365 992 3426 erit
1015 3384 1175 3429 summam
1194 3365 1286 3430 brevi
1310 3386 1400 3430 eom·

263 3465 478 3546 prehendere.

349 3585 376 3648 L
410 3583 503 3648 ΒΜ.
545 3583 741 3666 1.λέγειν;
766 3585 1279 3670 ι.1.1.1.λέγεινῆγράφειν.
1322 3597 1398 3654 al.

266 3697 291 3752 l.
317 3693 346 3751 8.
384 3686 543 3752 πολλοῖσι
577 3689 635 3752 καὶ
670 3688 737 3752 οῖσι
770 3686 915 3769 λέγουσι.
962 3709 987 3754 c.
1016 3697 1040 3753 l.
1066 3697 1095 3754 2.
1121 3697 1150 3755 3.
1184 3691 1227 3774 ἦν
1250 3713 1302 3772 τις
1326 3691 1400 3755 ἐπι-

261 3797 356 3874 χειρῇ
381 3813 413 3854 τι
435 3789 553 3873 λέγειν.
600 3811 626 3857 e.
645 3799 673 3856 1.
691 3798 718 3857 2.
738 3798 831 3856 5-6.
861 3790 881 3856 ἃ
904 3792 936 3856 εἴ
956 3815 1008 3873 τις
1030 3792 1121 3875 λέγοι
1144 3795 1202 3858 καὶ
1225 3796 1399 3876 γινώσκοι,

263 3891 334 3958 οὔτ’
360 3892 402 3958 ἂν
427 3893 522 3978 αὐτῷ
545 3901 595 3979 τῷ
619 3894 753 3977 λέγοντι
777 3893 864 3977 brito
889 3894 931 3959 ἂν
954 3897 1016 3978 εἴη.
1063 3917 1089 3963 e.
1114 3904 1143 3962 2.
1168 3903 1197 3961 2.
1216 3904 1264 3962 17.
1288 3897 1400 3980 λέγων

351 4115 497 4167 ¹nullum
527 4115 606 4167 enim
634 4116 665 4167 in
695 4116 836 4168 omnibus
854 4117 902 4168 his
921 4117 1008 4169 libris
1027 4118 1138 4184 legitur
1156 4120 1328 4186 exemplum
1349 4122 1400 4174 ad·

262 4201 363 4253 ieetivi
375 4201 519 4265 verbalis3
538 4202 610 4253 item
620 4201 734 4268 ubique
745 4203 839 4253 semel
852 4203 1001 4268 particula
1018 4201 1109 4272 μέντοι
1126 4205 1281 4258 invenilur
1300 4207 1340 4274 (p.
1360 4224 1399 4260 m.

263 4303 287 4341 o.
305 4288 330 4340 5.
349 4288 373 4340 6.
392 4287 438 4352 13;
457 4303 483 4340 a.
500 4302 525 4341 a
543 4288 563 4341 l.
583 4303 606 4339 o.
625 4287 666 4341 24.
685 4288 726 4341 69.
746 4288 775 4352 9;
794 4303 896 4356 praen.
916 4304 940 4341 c.
958 4289 1000 4343 24.
1019 4290 1077 4343 106.
1095 4291 1139 4360 2.).
