2918 4980
699 395 913 454 ..lg-

322 580 397 644 Non
415 579 492 644 mihi
511 579 689 645 videbatur
710 580 826 645 inutile
850 580 897 644 illi
914 578 1111 660 expositioni
1133 579 1268 658 addere,
1295 598 1384 659 ouo·

236 682 334 746 modo
359 684 563 748 Aretaeus
587 682 817 763 Oappadori,
842 702 938 764 quem
962 683 1097 766 linguae
1121 683 1384 763 Hippocrateae

236 785 436 850 imitatorem
459 786 565 852 fuisse
589 806 684 851 nemo
709 792 759 851 est
776 787 852 867 quin
869 787 965 866 sciat,
983 786 1142 851 eiusmodi
1166 786 1259 851 locos
1285 793 1382 850 trac-

236 896 310 953 tare
334 890 472 955 soleret:
508 889 565 955 sed
591 908 630 953 ne
655 890 751 953 nimis
775 896 983 954 accresceret
1010 890 1093 953 haee
1117 888 1269 968 opusculi
1293 908 1383 968 pars

237 992 389 1057 omnihus
405 993 494 1059 illius
508 992 624 1058 medici
643 992 798 1073 operibus
810 993 968 1074 perlectis
982 992 1206 1072 exemplisque
1220 992 1382 1056 excussis

236 1096 319 1160 satis
337 1096 447 1176 habui,
471 1116 511 1161 ex
529 1103 687 1176 quattuor
703 1095 1063 1175 commentationibus¹
1085 1115 1168 1176 quas
1184 1096 1383 1174 composuit

236 1217 388 1278 quaeque
405 1218 519 1264 omnes
537 1217 554 1262 e
572 1199 658 1265 binis
676 1199 768 1264 libris
785 1206 951 1278 constant,
965 1218 1076 1278 unum,
1099 1198 1196 1263 niodo
1218 1198 1384 1279 primum,

237 1301 333 1366 modo
358 1302 551 1382 seeundum,
575 1302 646 1366 sine
670 1303 736 1367 ullo
759 1313 851 1368 certo
876 1303 1006 1368 delectu
1029 1302 1148 1366 librum
1172 1300 1385 1381 perspicere.

236 1404 320 1468 liaeo
343 1409 421 1469 sunt
452 1424 539 1485 quae
562 1405 690 1470 inveni:
716 1405 840 1470 nullum
863 1407 930 1471 iam
947 1404 1134 1486 exemplum
1159 1405 1294 1486 legitur,
1319 1405 1384 1469 ubi

234 1508 404 1572 Aretaeus
429 1508 606 1592 πρόφασιν
631 1509 741 1588 aliquo
765 1508 862 1572 modo
886 1527 959 1573 cum
983 1507 1105 1573 morbis
1134 1507 1316 1587 componit;
1351 1509 1382 1574 si

234 1609 317 1673 talia
351 1610 576 1692 inveniuntur,
611 1617 644 1675 et
673 1616 808 1676 exstant
832 1611 921 1676 haud
945 1629 1025 1675 rara
1048 1611 1211 1691 exempla,
1239 1629 1383 1691 semper

235 1713 349 1776 αἰτία2
373 1721 564 1794 usurpatur.
604 1713 663 1779 sed
688 1714 797 1778 altera
820 1733 950 1795 quoque
971 1712 1229 1779 constructionis
1252 1713 1380 1795 forma,

238 1817 360 1881 vocula
398 1817 575 1900 πρόφασις
613 1837 687 1882 oum
721 1816 1025 1898 praepositionibus
1060 1835 1198 1896 conexa,
1231 1835 1382 1897 perraro

235 1919 385 2001 legitur.³
419 1939 485 2000 qua
513 1940 553 1985 ex
582 1920 813 2000 disquisitione
848 1920 922 1986 luce
956 1920 1079 1984 clarius
1104 1925 1254 2000 apparet,
1290 1921 1381 1985 nihil

233 2142 397 2209 positiones
424 2141 508 2193 velut
534 2135 582 2192 ἐπί
608 2141 779 2207 (defractis
806 2157 829 2193 o.
849 2142 890 2193 33.
918 2157 968 2207 pg.
986 2141 1028 2193 98.
1050 2141 1089 2192 12.
1108 2141 1144 2192 K.
1162 2141 1211 2209 ΙΙ.)
1239 2139 1293 2192 ὑπό
1322 2141 1378 2209 (de

234 2230 314 2281 artic.
333 2244 356 2280 c.
377 2228 418 2280 10.
439 2227 499 2278 126,
519 2226 581 2294 12),
599 2223 629 2288 ἐξ
646 2227 693 2290 (de
711 2227 875 2293 praedictis
894 2228 938 2279 Li.
957 2228 1010 2279 IX.
1032 2243 1055 2279 c.
1074 2228 1115 2280 24.
1134 2243 1183 2294 pg.
1202 2227 1243 2280 53.
1263 2228 1326 2292 ia).

322 2330 343 2397 ¹)
362 2333 434 2381 sunt
452 2332 550 2381 autem
568 2330 637 2381 hae:
666 2330 820 2382 decausis
840 2333 869 2380 et
887 2329 983 2394 signis
1002 2333 1160 2382 acutorum
1180 2329 1377 2396 morborum;

235 2418 271 2469 ile
291 2416 444 2468 curatione
464 2430 505 2467 ae.
524 2415 633 2478 morb.;
654 2415 690 2466 de
710 2431 733 2467 c.
754 2419 783 2466 et
802 2415 878 2480 sign.
899 2414 1112 2466 diuturnorum
1130 2415 1238 2480 mo1‘b.;
1261 2417 1299 2469 de
1319 2434 1376 2470 eu·

232 2503 348 2555 ratione
371 2502 445 2552 diut.
463 2500 558 2552 morb.

318 2587 370 2640 2Ι.
391 2587 427 2638 de
446 2603 470 2639 c.
490 2590 518 2638 et
537 2601 559 2638 e.
575 2602 617 2638 ac.
635 2587 730 2639 morb.
749 2587 768 2639 1.
787 2586 808 2638 Ι.
829 2603 852 2640 c.
872 2587 896 2638 6.
915 2587 939 2637 7.
959 2589 982 2638 5.
1004 2587 1083 2650 ψῦξις
1101 2588 1203 2655 γίνεται
1222 2585 1291 2651 αἰτίη
1311 2590 1375 2657 (sic

231 2675 304 2726 falso
325 2677 449 2725 accentu
461 2672 622 2724 Kuehnius
641 2674 717 2725 med.
731 2689 775 2739 gr.
796 2689 885 2739 opera
904 2673 961 2724 vol.
975 2674 1102 2739 XXIV);
1120 2690 1191 2727 nam
1209 2678 1290 2726 recta
1309 2677 1374 2728 for-

232 2764 343 2812 maest
363 2759 448 2823 ψύξις.
485 2760 540 2810 hoc
569 2759 658 2811 etiam
684 2763 787 2812 contra
805 2759 993 2812 Lobeokium
1011 2761 1097 2825 valet,
1117 2760 1220 2827 quiin
1238 2761 1375 2829 Paralip.

230 2862 355 2913 gramm.
384 2861 428 2912 gr.
457 2846 539 2913 (Lpz.
559 2846 636 2912 1837)
663 2862 712 2912 pg.
730 2845 869 2899 409-410
895 2846 930 2898 in
956 2860 1103 2911 suspenso
1130 2847 1374 2913 relinquendum

232 2947 297 2985 esse
326 2933 421 2995 docet,
450 2937 552 2984 utrum
570 2951 585 2983 v
613 2933 703 2999 longa
729 2932 762 2984 in
789 2932 913 2986 brevem
931 2933 1042 2984 mutari
1059 2933 1155 2999 possit
1172 2948 1278 2986 necne.
1313 2935 1374 2987 sed

232 3019 322 3070 etiam
340 3018 589 3071 Kuehleweinius
608 3035 668 3070 uno
686 3020 752 3071 loco
771 3020 881 3071 falsum
900 3022 1057 3070 accentum
1084 3020 1197 3085 posuit:
1226 3020 1310 3086 dep.
1330 3037 1373 3074 m.

231 3121 255 3157 o.
275 3108 315 3158 lo'.
335 3105 375 3156 19.
395 3105 441 3156 23:
462 3105 540 3167 ψῦξις
557 3104 727 3168 verisimilem
750 3105 842 3156 simili
859 3105 948 3156 modo
967 3102 1037 3165 ξίσις
1056 3105 1252 3157 scribendum
1271 3109 1317 3158 est
1336 3108 1372 3160 in

229 3192 248 3242 l.
269 3191 306 3242 de
325 3206 388 3256 cap.
406 3192 488 3244 vuln.
509 3208 532 3244 o.
554 3193 593 3245 14.
615 3193 653 3244 19.
668 3192 708 3244 19.
727 3193 764 3243 Κ.
776 3192 823 3256 IL,
842 3191 897 3243 ubi
915 3193 952 3243 K.
970 3192 1042 3252 ξύσις
1060 3192 1191 3258 scripsit)
1211 3207 1233 3244 c.
1247 3193 1271 3245 6.
1286 3193 1309 3245 7.
1327 3194 1369 3247 13.

231 3275 299 3339 αἰτίη
319 3276 374 3343 yolo
392 3276 478 3341 ψύξις.
513 3278 550 3330 Η.
571 3279 607 3329 de
628 3293 690 3328 cur.
709 3293 752 3329 ac.
771 3276 865 3330 morb.
884 3277 903 3329 1.
921 3277 959 3328 ΙΙ.
980 3293 1003 3330 c.
1022 3281 1046 3330 ὁ.
1060 3279 1119 3331 271.
1132 3277 1171 3330 12.
1191 3276 1223 3340 ἢν
1242 3277 1372 3346 φλεγμα-

229 3362 290 3423 σίην
318 3361 405 3422 αἰτίην
431 3360 546 3432 εὕρηται.
582 3364 634 3415 ΠΙ.
664 3363 701 3414 de
729 3378 752 3415 c,
776 3367 811 3415 et.
835 3378 857 3415 s.
882 3364 955 3415 diui.
978 3364 1073 3416 morb.
1095 3365 1114 3417 l.
1134 3366 1156 3418 I.
1177 3381 1200 3418 c.
1220 3365 1244 3416 2.
1264 3364 1305 3416 70.
1328 3366 1371 3419 13.

230 3446 298 3510 αἰτίη
318 3446 348 3499 δὲ
367 3448 452 3511 ψύξις.
490 3467 514 3502 c.
532 3452 556 3502 4.
575 3450 616 3501 74.
636 3450 660 3501 3.
688 3446 734 3499 καί
752 3448 839 3500 τοῖσδε
859 3446 927 3512 αἰτίη
947 3451 1032 3515 ψύξις.
1070 3468 1093 3503 c.
1113 3452 1137 3503 5.
1157 3453 1231 3505 7111.
1259 3448 1370 3515 ἡαίτίη

229 3532 304 3602 ἀμφὶ
322 3532 368 3588 (ἃς
387 3534 490 3605 φρένας
511 3533 628 3587 εἰλέεται.
666 3551 689 3587 c.
708 3536 732 3587 6.
752 3535 827 3587 792.
845 3536 930 3602 μανίη
950 3576 955 3588 .
976 3578 981 3590 ,
1003 3579 1008 3590 .
1028 3537 1109 3605 ξηρὸν
1131 3537 1163 3606 τῇ
1182 3534 1260 3605 αἰτίη,
1297 3553 1323 3589 c.
1343 3540 1369 3592 6.

228 3622 268 3673 81.
290 3623 329 3674 lo.
347 3619 397 3683 την
415 3619 501 3685 αἰτίην
518 3623 563 3673 τοῦ
581 3619 736 3689 νοσήματος.
766 3637 790 3673 c.
811 3623 834 3674 7.
853 3622 946 3675 8012.
965 3625 1008 3686 ἰση
1026 3621 1079 3692 μὲν
1096 3623 1150 3692 γάρ
1170 3622 1184 3685 ἦ
1202 3623 1370 3690 προσίζουσα

229 3704 306 3769 αἰτίη,
345 3724 369 3761 c.
388 3709 412 3761 7.
431 3710 472 3762 87.
491 3711 516 3762 4.
545 3706 611 3769 αἰτίη
639 3709 692 3758 τῶν
709 3703 997 3777 νεύρωνῆἑναίλαγή.
1035 3727 1059 3763 c.
1078 3711 1102 3764 7.
1121 3711 1163 3763 89.
1183 3711 1205 3762 1.
1235 3707 1318 3760 αἰτίαι
1338 3711 1371 3763 δὲ

228 3790 354 3861 παρέστα(
371 3791 424 3862 μὲν
442 3792 477 3856 ἕξ.
515 3812 539 3848 c.
558 3797 582 3847 9.
601 3795 643 3847 96.
663 3796 687 3847 8.
708 3793 790 3846 αἰτίαι
806 3792 884 3856 ξυναὶ
904 3793 1040 3850 ἁπάντων,
1074 3813 1123 3864 pg.
1143 3798 1183 3849 97.
1204 3796 1227 3847 1.
1247 3793 1315 3858 αἰτίη
1337 3796 1370 3851 δὲ

227 3880 392 3949 φλεγμασίη.
429 3898 452 3934 c.
473 3883 513 3935 10.
535 3881 591 3934 102.
612 3882 652 3933 11.
673 3879 741 3944 αἰτίη
761 3880 792 3934 (la
813 3882 898 3947 ψύξις.
935 3883 1141 3937 o.10.101.1.
1170 3879 1238 3944 αἰτίη
1257 3880 1303 3932 καί
1323 3884 1370 3934 αἱ·

225 3967 381 4036 μορροίδων
399 3967 462 4035 ῥόον
480 3962 625 4036 ἐπίσχεσις.
671 3970 722 4023 IV.
742 3969 779 4020 de
798 3985 861 4022 cur.
881 3969 953 4022 diut.
972 3969 1068 4022 morb.
1089 3986 1112 4022 o.
1133 3970 1174 4021 11.
1193 3967 1251 4021 329.
1272 3970 1284 4019 l
1306 4007 1312 4019 .
1334 4009 1340 4020 .
1363 4011 1369 4021 .

226 4051 295 4123 αἰτίη
315 4073 339 4108 κ.
359 4052 473 4107 oracla.
522 4071 545 4108 c.
565 4056 589 4107 2.
608 4056 666 4108 230.
685 4055 710 4107 3.
734 4051 844 4122 ἀγαθὸν
863 4053 877 4118 ἦ
896 4055 968 4110 λύσις
985 4058 1029 4120 τῆς
1048 4055 1139 4118 αἰτίης.
1176 4071 1199 4107 e.
1219 4056 1243 4107 5.
1262 4055 1321 4107 334.
1343 4057 1369 4109 2.

224 4139 270 4203 τήν
287 4139 449 4209 γονόρροιαν
468 4139 576 4192 πάντων
593 4141 687 4191 κακῶν
705 4132 791 4192 οὖσαν
809 4138 903 4204 αἰτίην.

309 4228 320 4265 3
339 4228 432 4280 semel
449 4227 554 4281 iuveni
572 4229 605 4280 in
622 4228 642 4280 1.
663 4227 699 4280 de
718 4243 742 4280 c.
762 4231 790 4280 et
808 4243 831 4280 s.
846 4228 919 4282 diut.
933 4230 1028 4283 morb.
1048 4245 1072 4284 o.
1085 4232 1110 4282 4.
1124 4229 1166 4283 73.
1178 4229 1205 4281 4.
1229 4226 1262 4278 δι’
1283 4226 1370 4286 ἄλλας

225 4332 385 4384 ίίρθᾳίίῦίίίέ.
