2918 4980
652 357 864 418 ..72-

189 540 413 620 inculcantur,
429 542 514 607 baec
530 542 593 607 erit
609 560 747 620 summa,
769 560 855 622 quae
872 561 913 606 ex
929 540 1090 622 exemplis
1111 542 1187 623 capi
1203 546 1337 623 potest:

190 643 312 711 librum
346 644 387 710 de
409 665 441 726 p.
467 656 507 709 nr.
543 650 577 710 et
612 645 780 709 notionum
817 644 981 709 varietate
1009 653 1042 708 et
1075 644 1337 727 significationis

189 746 310 829 donee
335 747 546 813 multitudiue
571 749 667 830 longe
691 747 872 812 abhorrere
896 748 1077 823 aectoris:¹
1092 766 1169 813 nam
1192 748 1225 822 in
1251 748 1273 813 l.
1292 747 1334 813 de

193 871 289 933 pm.
314 851 481 932 particula
504 873 569 932 nep
594 871 669 917 cnm
694 851 813 915 vocula
839 850 898 931 ὡς,
927 850 981 916 ubi
1005 852 1145 927 voculae
1173 872 1240 934 orep
1267 852 1335 917 vim

195 955 374 1038 genuinam
399 955 540 1021 nranime
564 954 707 1020 deminui
732 953 852 1019 nemini
875 954 1024 1038 ignotum
1046 961 1108 1033 est,
1133 954 1246 1021 docies
1269 952 1336 1036 ter,

194 1057 229 1123 in
252 1058 273 1124 l.
298 1057 338 1123 de
358 1076 390 1123 a.
408 1076 437 1124 a.
462 1058 482 1123 l.
507 1057 693 1139 quinquies,
715 1056 749 1122 in
772 1057 793 1122 l.
818 1057 859 1123 de
875 1076 990 1138 pracn.
1009 1066 1129 1138 quater
1151 1056 1337 1136 invenitur.

187 1160 225 1239 ,si
256 1160 401 1242 ¹denique
435 1161 713 1231 animadverteris
749 1161 900 1227 voculam
935 1182 1000 1243 περ
1035 1162 1069 1227 in
1103 1162 1125 1226 Ι.
1159 1161 1208 1233 dc¹
1235 1181 1267 1243 p.
1293 1182 1337 1227 m.

196 1263 347 1341 omnibus
370 1265 540 1330 notionum
571 1262 825 1339 diversitatibus
848 1265 1049 1346 computatis
1071 1265 1175 1330 multo
1199 1264 1339 1346 saepius

186 1386 261 1445 ‚usu
295 1367 410 1432 venire
435 1370 534 1448 qdam
567 1368 599 1433 in
624 1368 747 1434 ceteris
770 1366 912 1450 scriptis
947 1387 1020 1434 cum
1044 1368 1099 1433 hic
1127 1367 1239 1433 decies
1274 1376 1339 1446 ter,

196 1470 269 1549 illic,
286 1469 391 1549 vicies
414 1471 524 1537 sexies
546 1471 739 1537 inveniatur
762 1507 802 1517 -
825 1490 985 1537 numerus
1013 1471 1117 1556 igitur
1144 1471 1339 1553 duplicatus

198 1572 358 1640 occurrit:
392 1574 425 1638 id
460 1573 546 1655 quod
584 1574 681 1641 vaide
705 1575 787 1654 ,mihi
821 1576 1036 1656 premendum
1060 1573 1196 1641 videtur
1216 1609 1260 1618 —
1283 1573 1340 1639 hic

187 1697 332 1771 quoque
356 1694 519 1745 summum
543 1677 722 1745 discrimen
747 1678 1042 1763 investigavimus;
1077 1678 1156 1759 quin
1179 1694 1281 1759 porro
1303 1676 1340 1742 ll.

199 1782 240 1848 de
264 1801 294 1848 a.
319 1800 349 1847 a.
366 1783 388 1846 l.
412 1788 445 1846 et
469 1782 509 1846 de
532 1801 648 1863 praen.
672 1802 737 1848 non
761 1783 861 1863 piane
877 1781 1091 1848 consentiant
1113 1781 1147 1846 in
1169 1780 1341 1863 particula

198 1906 263 1966 nep
288 1884 487 1962 adhibenda,
511 1904 606 1951 nemo
629 1885 805 1964 dubitabit,
832 1887 889 1967 qui
912 1885 1089 1966 intellexit,
1118 1903 1218 1965 quam
1243 1882 1341 1950 varie

199 1997 365 2069 usurpata
388 1987 432 2051 sit
446 1987 615 2068 particula
637 1988 670 2053 in
694 1989 774 2054 illis:
799 2008 877 2054 nam
893 1988 1039 2054 relativa
1054 2007 1129 2054 cum
1145 2007 1211 2069 περ
1236 2005 1339 2068 copu-

199 2088 275 2158 lata
295 2091 329 2156 in
353 2090 373 2154 l.
399 2090 439 2156 de
457 2109 486 2156 a.
505 2110 534 2156 a.
551 2091 583 2170 l.,
608 2090 770 2157 adverbia
794 2092 887 2158 velut
908 2092 997 2176 ᾗπερ
1023 2100 1055 2157 et
1072 2091 1342 2157 coniunctionem
1372 2139 1376 2145 .

200 2194 435 2261 disiunctivam
462 2208 536 2260 curn
559 2215 624 2275 nep
648 2195 858 2260 coniunctam
883 2196 975 2261 volut
998 2195 1087 2279 ἥπερ
1114 2195 1147 2259 in
1182 2194 1268 2260 libro
1298 2194 1342 2260 de

189 2294 315 2381 'praen
339 2298 468 2365 frustra
491 2316 643 2378 quaeres.

284 2400 326 2467 Ι).
362 2401 491 2466 Harum
514 2402 753 2483 particularum
777 2401 810 2466 in
833 2401 938 2467 variis
966 2401 1059 2467 libris
1083 2419 1145 2467 usu
1172 2400 1339 2485 indagato

200 2504 242 2571 ad
267 2504 419 2569 voculam
452 2501 524 2568 οὖν
555 2503 797 2588 depingendam
821 2523 1047 2586 properemus
1072 2523 1156 2585 quae
1181 2504 1340 2586 disquisi-

200 2607 280 2672 tioni
304 2626 431 2672 summo
464 2604 587 2672 fructui
610 2607 744 2673 videtur
777 2608 891 2674 future
926 2626 1011 2688 esse,
1035 2608 1115 2689 quia
1138 2613 1209 2673 tam
1232 2608 1341 2675 variis

200 2710 495 2791 compositionibus
530 2717 724 2792 usurpatur.
771 2713 829 2778 sod
864 2713 919 2777 bic
953 2731 1084 2793 quoque
1108 2731 1175 2778 non
1200 2711 1340 2778 aberra-

201 2813 307 2879 bimus
325 2812 366 2877 ab
383 2813 579 2893 paratione,
604 2833 702 2895 quam
725 2813 835 2880 adbuc
850 2815 993 2898 ingressi
1011 2833 1140 2881 sumus:
1157 2814 1341 2897 descriptio

200 2916 391 2982 accuratior
414 2923 576 2997 sequatur
599 2918 825 2999 exemplorum
848 2924 1021 2984 catervam
1045 2919 1229 2999 copiosam:

286 3021 312 3086 Ι.
347 3018 387 3087 P.
405 3019 446 3084 M.
486 3039 514 3084 a.
541 3018 627 3085 orio:
663 3040 688 3086 c.
715 3029 743 3086 2.
768 3027 797 3087 3.
821 3027 856 3103 7;
880 3041 906 3086 c.
925 3027 953 3087 7.
971 3027 1000 3087 7.
1020 3028 1074 3103 16;
1099 3041 1126 3088 c.
1144 3028 1194 3088 14.
1214 3027 1263 3088 15.
1282 3029 1341 3104 113

200 3146 226 3192 c.
253 3129 301 3190 16.
326 3130 376 3189 20.
401 3129 435 3205 23
460 3143 487 3189 c.
513 3130 561 3188 19.
587 3129 638 3189 22.
664 3131 719 3204 153
743 3145 769 3190 c.
794 3131 844 3190 20.
869 3131 919 3191 25.
944 3131 979 3207 8;
1002 3146 1030 3191 c.
1055 3132 1105 3191 21.
1130 3130 1180 3191 26.
1207 3131 1257 3191 15.

189 3223 192 3231 '
287 3228 315 3293 b.
350 3227 423 3312 μὲν
458 3225 544 3293 odo:
583 3248 609 3293 c.
639 3212 668 3294 2'.
693 3234 721 3294 2.
751 3235 807 3311 24;
843 3250 869 3295 c.
899 3236 927 3296 3.
956 3237 986 3296 4.
1017 3236 1071 3311 103
1107 3249 1133 3296 c.
1162 3234 1192 3296 3.
1220 3236 1251 3296 4.
1283 3235 1340 3311 193

107 3348 110 3354 ·
200 3354 226 3399 c.
253 3337 303 3398 17.
328 3337 378 3396 20.
405 3337 458 3412 16;
483 3351 508 3396 c.
534 3336 585 3396 22.
609 3337 659 3398 27.
683 3338 714 3399 2.

192 3448 195 3455 “
287 3457 314 3502 c.
342 3439 453 3517 perio:
489 3455 515 3500 c.
539 3442 570 3500 4.
595 3442 623 3501 5.
651 3442 704 3515 15;
734 3457 761 3501 c.
786 3415 818 3501 5?
840 3444 868 3502 6.
894 3443 923 3502 3.

285 3540 330 3604 ΙΙ.
358 3536 397 3604 A.
411 3536 450 3604 Α.
463 3538 501 3604 L.
531 3558 560 3604 a.
578 3537 664 3605 odo:
689 3560 715 3606 o.
729 3546 758 3606 8.
772 3547 823 3605 46.
840 3547 893 3618 ll}
911 3560 936 3604 c.
951 3546 979 3604 9.
993 3545 1044 3604 47.
1059 3546 1093 3620 3;
1109 3559 1136 3604 c.
1156 3546 1205 3605 14.
1219 3545 1271 3606 56.
1286 3547 1340 3607 12.

287 3643 316 3708 b.
350 3642 423 3726 μὲν
452 3639 540 3708 obe:
576 3663 602 3707 c.
626 3650 655 3708 5.
680 3649 730 3709 38.
757 3650 811 3724 12;
847 3663 873 3708 o.
900 3649 927 3708 7.
952 3650 1003 3706 40.
1030 3648 1085 3722 15;
1120 3663 1146 3708 c.
1172 3650 1201 3709 8.
1225 3650 1278 3710 45.
1302 3650 1340 3726 7;

200 3767 228 3814 c.
245 3753 274 3812 9.
299 3753 349 3812 46.
376 3752 430 3828 14;
454 3765 481 3812 c.
499 3752 549 3811 10.
572 3752 624 3812 48.
650 3754 705 3827 16;
728 3767 755 3814 c.
774 3753 824 3813 10.
849 3753 899 3813 50.
924 3752 960 3827 73
985 3751 1156 3812 61263.
1180 3752 1216 3827 ὃς
1239 3767 1267 3814 c.
1286 3754 1339 3815 13.

200 3857 251 3917 54.
275 3855 333 3932 20;
368 3870 395 3915 c.
422 3855 470 3914 15.
495 3855 546 3915 56.
572 3856 626 3930 193
662 3872 689 3917 c.
716 3856 764 3915 18.
789 3856 840 3915 60.
865 3856 921 3931 21;
946 3869 973 3914 c.
997 3855 1048 3914 22.
1077 3854 1128 3914 64.
1154 3855 1209 3930 12;
1232 3870 1261 3917 c.
1284 3856 1340 3918 22.

190 3948 250 4019 65.
275 3959 310 4032 53
345 3973 372 4018 c.
396 3958 447 4019 23.
472 3959 522 4019 66.
547 3958 602 4033 23;
638 3974 663 4020 c.
688 3960 739 4019 24.
765 3960 814 4019 63.
842 3960 897 4035 12;
933 3974 958 4019 c.
983 3959 1035 4018 24.
1062 3958 1111 4020 70.
1136 3959 1164 4019 5.

284 4057 348 4122 III.
382 4056 520 4123 Preon.
550 4076 579 4123 a.
609 4056 696 4124 orio:
731 4078 758 4124 c.
778 4066 805 4124 1.
824 4063 863 4123 78
892 4064 947 4138 18;
971 4078 998 4124 c.
1017 4065 1066 4124 15.
1084 4064 1135 4123 94.
1162 4064 1215 4141 13;
1239 4064 1340 4127 6.·16.

199 4165 250 4226 95.
274 4165 309 4242 4;
333 4180 361 4227 c.
386 4165 435 4227 19.
459 4165 511 4226 99.
537 4167 591 4240 12;
615 4181 642 4227 c.
666 4167 716 4227 20.
744 4168 814 4229 101.
841 4167 895 4241 16;
919 4182 946 4228 c.
970 4167 1021 4228 22.
1049 4167 1121 4228 102.
1148 4168 1202 4243 11;
1231 4181 1260 4230 c.
1284 4167 1341 4230 25.

200 4267 274 4329 168.
297 4269 328 4331 4.
