2918 4980
691 345 905 404 -24-

231 530 440 595 nullomodo
464 534 562 593 natus
586 549 659 593 esse
684 535 803 610 potest.
843 551 918 595 nam
943 531 1100 611 perfacile
1119 530 1265 595 medicus
1290 548 1371 594 nes·

231 634 367 713 cioquis.
392 634 447 713 qui
471 651 698 712 quaecumque
723 635 849 714 scripta
865 636 1013 715 eorporis
1031 633 1260 714 Hippocratiei
1286 652 1371 711 prae

232 758 268 802 se
291 739 448 810 habebat,
464 736 621 819 imitandi
647 737 757 801 studio
780 738 939 802 incitatus
965 738 1018 803 vel
1041 739 1102 802 lrec
1126 738 1179 802 vel
1214 735 1294 800 illul
1327 735 1370 799 all

233 841 370 905 verbum
405 859 599 921 expressum
624 860 685 904 suo
708 842 784 905 stilo
808 842 994 906 immiscere
1029 843 1145 921 potuit.
1180 847 1304 916 tamen,
1343 840 1372 902 si

232 945 296 1008 hoc
319 944 440 1021 evenit,
463 962 596 1022 semper
618 942 731 1023 aliquo
755 944 851 1008 modo
876 964 1057 1028 cognosces
1087 945 1205 1009 librum
1230 943 1374 1006 minoris

234 1048 356 1112 aetatis
376 1067 462 1126 esse,
496 1047 576 1126 quia
599 1066 731 1127 semper
748 1048 874 1112 mellico
895 1048 1073 1112 recentiori
1096 1047 1264 1112 recentior
1286 1066 1373 1125 ηιιο-

234 1171 298 1231 que
322 1150 476 1230 loquendi
500 1169 582 1215 usus
606 1153 741 1230 propior
764 1156 814 1216 est
838 1172 937 1231 quam
972 1152 1051 1216 illae
1075 1152 1207 1231 priseae
1230 1150 1375 1214 formae.

233 1273 321 1333 quae
345 1254 440 1333 quasi
475 1254 569 1318 calce
603 1253 727 1318 oblitae
751 1254 856 1334 primo
891 1255 1015 1335 impetu
1039 1254 1188 1337 abstergi
1214 1259 1374 1334 possunt.

235 1358 375 1437 exempli
399 1376 503 1421 causa
518 1357 580 1420 hoc
596 1357 750 1421 afferam:
775 1358 802 1420 si
827 1358 901 1437 quis
925 1358 957 1421 in
983 1357 1095 1436 aliquo
1119 1357 1243 1435 scripto
1268 1374 1374 1418 unum

235 1462 419 1526 alterumve
453 1462 584 1525 illorum
619 1461 806 1541 priscorum
840 1461 1016 1526 verborum
1048 1461 1162 1542 vigere
1197 1459 1377 1536 intellexit,

236 1576 355 1629 contra
387 1563 472 1628 idem
508 1563 640 1629 libellus
675 1565 826 1628 formulis
851 1565 943 1628 velut
966 1562 1023 1628 διὰ
1045 1568 1150 1628 τοῦτο
1175 1563 1245 1627 sim.
1271 1563 1374 1642 quasi

235 1667 415 1733 redundat:
444 1674 513 1731 tum
538 1666 724 1732 certissimo
749 1667 842 1749 signo
866 1668 1054 1747 perspictur
1077 1666 1273 1747 opusculum
1297 1684 1377 1729 esse

236 1770 403 1835 recentius
416 1790 514 1850 quam
527 1771 633 1850 prime
646 1770 764 1834 obtutu
777 1770 964 1834 videbatur.
993 1770 1079 1834 sieut
1091 1773 1191 1834 antea
1203 1767 1246 1850 (p.
1264 1771 1377 1847 lsssq.)

238 1876 454 1939 Aretaeum
494 1875 591 1956 longe
628 1874 808 1938 abhorrere
843 1874 885 1937 ab
920 1873 1232 1953 Hippocraticorum
1268 1871 1377 1935 medi·

237 1996 350 2043 corum
384 1977 513 2041 dicendi
539 1976 781 2041 consuetudine
805 1977 1146 2054 commemoravimuS,
1174 1975 1229 2054 qui
1252 1974 1377 2038 nihilo-

238 2081 346 2145 minns
358 2080 499 2161 γνώμην
523 2077 709 2159 antiquiore
734 2099 836 2145 sensu
853 2080 988 2160 saepius
1013 2080 1173 2158 adhibuit,
1198 2083 1234 2142 ut
1257 2077 1377 2141 decem

238 2184 399 2264 exemplis
422 2183 511 2247 inira
534 2183 681 2248 collectis
705 2184 921 2249 ostenditur.¹

324 2284 357 2351 Ο.
393 2286 504 2350 Huius
539 2287 658 2366 capitis
688 2287 787 2351 finem
821 2287 925 2352 iaciat
949 2286 1079 2352 dicendi
1108 2284 1273 2365 quaedam
1298 2304 1378 2363 pro·

238 2391 374 2473 prietaS‚
398 2408 483 2470 quae
508 2395 667 2454 accurata
689 2391 969 2470 contemplatione
993 2395 1045 2455 est
1068 2389 1275 2472 dignissima,
1301 2386 1380 2452 dico

239 2493 449 2559 verborum
484 2493 775 2573 repetitionem.
827 2499 878 2558 est
911 2493 997 2557 enim
1033 2491 1231 2572 antiquioris
1265 2489 1380 2555 Grae-

239 2597 373 2664 citantie
396 2597 577 2678 proprium,
601 2592 634 2659 id
659 2595 746 2676 quod
763 2616 803 2661 ex
820 2596 1048 2662 Herodoto²
1072 2592 1381 2676 etThucydide³

239 2700 399 2781 imprimis
422 2699 643 2783 cognoscitur,
668 2700 782 2778 verba,
807 2718 893 2779 qnae
918 2700 1014 2765 modo
1043 2700 1148 2763 allata
1171 2703 1248 2763 sunt
1271 2715 1380 2776 quae-

241 2824 303 2886 que
327 2803 367 2869 ob
392 2821 465 2868 eam
481 2822 550 2866 rem
567 2821 662 2866 nemo
687 2822 752 2867 non
775 2804 809 2867 in
833 2804 993 2868 memoria
1016 2809 1118 2881 tenet,
1146 2801 1254 2866 denuo
1278 2819 1380 2879 repe·

240 2914 326 2973 tere:
351 2925 417 2987 qua
444 2907 477 2970 in
501 2925 537 2970 re
560 2905 730 2970 hominum
755 2907 968 2986 antiquorum
992 2905 1136 2971 elocutio
1159 2905 1383 2969 vehementer

328 3144 337 3180 ¹
356 3143 391 3196 ci.
410 3143 446 3196 de
466 3158 528 3195 cur.
547 3158 588 3194 ae.
607 3142 701 3195 morb.
720 3159 745 3195 c.
765 3144 804 3195 11.
824 3143 883 3198 288.
898 3145 937 3197 15.
957 3141 1200 3212 αροσεκμαίνονται
1217 3137 1248 3192 δὲ
1265 3137 1313 3190 καὶ
1332 3139 1386 3202 την

240 3229 361 3299 γνώμην.
397 3244 421 3281 c.
442 3228 620 3281 11.288.18.
647 3220 698 3280 εὖτ
727 3228 763 3279 ἄν
789 3245 866 3297 σφισι
893 3228 907 3291 ἡ
934 3229 1029 3298 γνώμη
1048 3227 1142 3283 τελέως
1158 3228 1256 3296 μίμνη.
1293 3242 1316 3278 c.
1339 3227 1385 3280 11.

240 3318 300 3370 289.
318 3318 343 3369 3.
362 3313 389 3369 ὲς
407 3314 510 3384 νάρκην
527 3317 571 3377 τῆς
587 3314 704 3383 γνώμης.
742 3319 777 3368 cl.
798 3317 834 3368 de
853 3334 876 3368 c.
896 3321 924 3369 et
943 3334 966 3370 s.
986 3318 1060 3370 diut.
1079 3316 1174 3370 morb.
1193 3331 1217 3368 e.
1236 3316 1260 3366 ὃ.
1279 3313 1385 3366 7412.

241 3400 383 3472 σοντρὲτιει
409 3399 439 3454 δὲ
465 3400 511 3452 καὶ
538 3401 585 3465 τη“ν
608 3402 728 3471 γνώμην.
765 3421 789 3456 c.
808 3405 832 3455 5.
851 3404 892 3455 77.
912 3405 936 3456 4.
956 3404 1075 3455 πολλοῖσι
1093 3401 1124 3456 δὲ
1141 3401 1180 3456 εἰς
1199 3396 1386 3462 οἷνοιισθησίην

241 3488 287 3541 καὶ
304 3487 434 3558 μώρωσιν
451 3485 466 3550 p‘
483 3488 577 3557 γνώμη
597 3485 680 3556 ῥέπει.
717 3506 740 3541 c.
759 3491 783 3542 5.
802 3489 844 3540 78.
863 3491 887 3542 8.
914 3490 1074 3541 καθίσταται
1100 3489 1148 3551 τη“ν
1168 3487 1281 3557 γνώμην
1300 3483 1386 3553 ἔρωτι

150 3632 153 3638 ,
242 3573 329 3645 ἰητρῷ.
366 3592 390 3628 c.
409 3575 433 3626 6.
452 3575 493 3627 79.
514 3575 536 3626 1.
563 3573 672 3642 γνώμης
699 3574 840 3642 ναηκωσις.
877 3592 899 3629 e.
919 3578 1003 3628 6.81.
1023 3576 1063 3628 10.
1092 3568 1146 3627 uile
1172 3571 1233 3642 εἶχε
1259 3572 1383 3641 γνώμης.

241 3678 264 3714 c.
283 3663 307 3714 6.
327 3661 367 3713 81.
388 3659 428 3712 1ὃ.
454 3659 498 3720 τῆς
521 3659 630 3729 γνώμης
649 3658 663 3721 p‘
683 3654 793 3729 (ἐμβολή.
830 3661 1018 3714 ο,6.84.12.
1047 3660 1155 3730 ἀμφοῖν
1181 3655 1235 3713 ἑστι
1262 3657 1386 3726 ἔκλειψις

241 3746 300 3800 κοτὲ
318 3745 363 3798 καὶ
385 3744 501 3814 γνώμης.

327 3833 468 3885 2cf.l.1.
489 3837 511 3885 1.
530 3832 566 3885 2.:
595 3830 749 3885 τούτους..
770 3876 774 3885 .
795 3830 1006 3886 ἐσαπικνέεσθαι
1031 3832 1078 3883 καὶ
1106 3831 1137 3894 rip*
1164 3830 1209 3882 καὶ
1237 3826 1385 3903 ἕςἎργος.

240 3921 331 3971 τοῦτον
347 3916 393 3969 τὸν
414 3919 516 3987 χρόνον
535 3926 647 3987 προεῖχε
666 3916 751 3969 ἅπασι
769 3922 822 3970 τών
841 3914 872 3971 ἑν
889 3922 921 3988 τῇ
940 3918 1107 3971 νῦνἛλλιὶὃι
1125 3915 1273 3988 καλεομένῃ
1293 3922 1387 3990 χώρη.

242 3999 423 4074 ἀπικομένους
441 4003 471 4058 δὲ
488 4005 547 4060 τούς
566 4006 689 4060 Φοίνικας
710 4003 738 4059 ἐς
756 4005 788 4068 δη
806 4005 834 4056 το
848 4005 942 4075 Ἀργος
960 4048 965 4058 .
986 4046 992 4058 .
1011 4045 1017 4058 .

326 4092 394 4145 ³ef.
412 4093 450 4147 V.
468 4094 510 4146 31.
529 4095 552 4145 2.
572 4092 690 4160 πόλεμον
717 4093 771 4161 γοὶρ
797 4090 947 4162 γενομένον
974 4090 1036 4145 ποτὲ
1065 4090 1132 4159 πρὸς
1155 4088 1292 4160 Ἀρκάδων
1309 4096 1387 4150 τινας

240 4177 407 4247 Λεπρεάταις
424 4177 470 4228 καὶ
479 4172 589 4230 Ἠλείων
608 4176 838 4246 παρακληθέντων
856 4177 909 4231 inl
922 4179 1088 4249 Λεπρεατῶν
1105 4176 1132 4233 ἐς
1150 4178 1314 4247 συμμαχίαν
1334 4221 1341 4232 .
1358 4225 1363 4234 ,
1381 4224 1387 4235 ,

237 4265 336 4316 Ἠλεῖοι
362 4263 411 4328 τη“ν
437 4265 490 4333 γῆν
517 4262 674 4334 νεμομένοις
701 4260 789 4320 αὐτοῖς
811 4273 864 4321 τοῖς
881 4266 1048 4337 Λεπρεάταις
1065 4264 1194 4318 τάλαντον
1212 4263 1309 4328 ἔταξαν
1328 4307 1336 4321 .
1356 4307 1392 4324 .,
