2918 4980
617 353 839 418 ..ρο-ψ,

214 542 445 625 ·;;Priusquam
482 544 592 607 autem
629 558 844 623 exponamus,
879 541 1045 622 quomodo
1065 541 1195 609 'vemas
1230 540 1297 608 dis·

158 645 355 724 quisitiones
389 645 555 711 adornare
590 644 746 723 velimus,
781 645 950 719 nonnulla¹
977 644 1154 726 praefandi
1194 662 1296 719 causa

158 756 411 833 anteponemus,
439 767 526 830 quae
543 747 586 814 ad
603 748 751 813 virorum
767 747 939 817 doctorum
958 749 1118 831 opuscula
1135 747 1176 813 de
1192 749 1296 831 parti·

158 844 309 927 cularum
334 871 396 919 usu
420 851 620 933 conscripta,
645 858 804 931 quantum
829 851 874 915 illi
899 851 932 915 in
950 851 1087 917 voculas
1110 872 1148 915 τε
1163 852 1225 916 καί
1245 851 1296 923 in·

157 954 378 1045 quisiverunt,
401 953 579 1036 pertinent.
619 952 964 1032 Kuehleweinius,
991 954 1126 1020 illarum
1150 955 1296 1035 quaesti-

157 1059 366 1137 uncularum,
389 1056 476 1138 quod
495 1057 535 1122 ad
553 1057 792 1138 Hippocratem
810 1057 962 1137 attineat,
986 1058 1082 1137 quasi
1098 1056 1297 1148 ἀρχηγέτης,

157 1160 190 1243 in
225 1161 373 1228 seeundo
407 1161 559 1243 opusculi
584 1179 688 1242 supra
723 1159 871 1226 laudati¹
906 1161 1015 1241 capite
1050 1160 1091 1226 de
1120 1152 1304 1243 particulis

158 1265 359 1346 copuletivis
395 1262 560 1333 disseruit.
612 1263 669 1329 sed
705 1264 772 1328 iam
807 1281 894 1329 nunc
921 1263 999 1328 milri
1033 1263 1209 1330 dicendum
1246 1269 1303 1349 est,

157 1369 246 1434 illius
259 1368 569 1443 commentationem
582 1369 615 1432 in
629 1368 692 1433 hac
714 1386 750 1432 re
766 1366 845 1432 milri
862 1367 1065 1450 gravissime
1082 1366 1165 1433 nihil
1186 1365 1304 1433 idonei

157 1471 334 1560 praebere;
369 1472 502 1549 locutus
526 1477 579 1538 est
611 1471 669 1537 ille
697 1470 738 1536 dc
763 1470 867 1536 variis
890 1471 1132 1552 particularum
1156 1473 1225 1551 καί,
1250 1490 1305 1549 aa„

157 1595 194 1638 τε
216 1576 278 1660 καί
311 1575 471 1656 formulis,
495 1574 727 1655 varietatibus,
762 1574 991 1655 positionibus,
1025 1574 1185 1657 imprimis
1219 1566 1305 1643 inde.¹

158 1696 254 1761 apg.
272 1685 323 1744 51.
348 1679 404 1744 sed
424 1697 488 1744 non
513 1679 544 1743 ei
559 1679 708 1761 contigit,
725 1683 762 1742 nt
782 1677 974 1743 accuratius
997 1678 1086 1744 illam
1105 1679 1189 1743 varii
1216 1671 1303 1744 usus‘

76 1772 79 1776 ’
158 1781 288 1862 copiam
324 1783 529 1862 explanaret.
576 1782 830 1863 comprobamus
864 1781 976 1864 igitur,
1011 1800 1096 1862 quae
1126 1782 1296 1861 Utboltius

158 1883 198 1948 de
221 1884 279 1950 illo
304 1886 375 1950 viro
391 1885 489 1950 docto
505 1885 668 1950 monuit:²
692 1885 906 1963 „vocularum
931 1905 968 1948 τε
984 1886 1044 1949 καί
1063 1903 1161 1950 usum
1177 1871 1296 1967 paucis

158 1987 318 2067 exemplis
342 2006 383 2052 cx
406 1987 558 2055 omnibus
585 1987 719 2069 scriptis
742 1987 932 2067 promiscue
961 1987 1075 2052 allatis
1101 1987 1296 2068 illustravit,

159 2099 196 2154 ut
211 2090 302 2178 cerni
319 2089 451 2154 minime
464 2089 582 2173 possit,
598 2088 677 2173 quid
692 2089 818 2170 proprii
831 2089 964 2173 singula
977 2090 1104 2171 scripta
1116 2090 1303 2162 babeantf‘,

158 2194 222 2258 boc
254 2192 388 2273 quidem
423 2190 612 2257 addiderim
643 2212 718 2263 eum
752 2193 918 2261 interdum
945 2193 1090 2278 singula,
1114 2213 1201 2275 quae
1226 2182 1301 2261 tum¹

161 2296 391 2390 contenderat,
409 2288 545 2364 nuncin
563 2296 707 2363 editione
725 2316 790 2371 non
806 2297 872 2362 iam
889 2317 949 2378 pro
966 2285 1047 2363 nero
1068 2297 1295 2365 existimasse:

159 2399 260 2479 huius
295 2399 344 2464 rei
378 2399 565 2481 exemplum
600 2399 721 2486 eligam
757 2419 797 2465 ex
831 2400 916 2466 libro
951 2400 991 2465 de
1025 2421 1057 2482 p.
1081 2420 1140 2481 m.;
1169 2401 1247 2466 inde
1275 2420 1304 2469 a.

160 2523 215 2587 pg.
231 2507 273 2567 52
297 2503 353 2567 ille
370 2503 422 2569 vir
438 2502 555 2568 doetus
571 2521 702 2568 summa
718 2503 890 2586 diligentia
906 2504 1136 2574 demonstrare
1152 2508 1296 2571 conatur

159 2606 194 2670 in
227 2604 395 2671 codicibus
429 2605 624 2686 frequenter
656 2606 841 2686 particulas
864 2609 925 2671 καί
946 2612 979 2672 et
1001 2607 1024 2691 ἦ
1047 2607 1134 2675 inter
1157 2625 1193 2673 se
1217 2625 1303 2683 con-v

159 2708 268 2788 lundi;
303 2709 397 2774 cuius
427 2708 588 2788 „voculae
612 2711 673 2772 καί
693 2709 784 2775 latae
808 2709 1081 2794 significationis“
1107 2702 1303 2792 exemplum

161 2812 274 2878 attulit
297 2832 338 2877 cx
361 2812 381 2877 l.
406 2813 500 2897 dep.
524 2831 565 2877 m.
590 2831 617 2877 c.
642 2818 681 2878 21
705 2851 740 2873 ε,-
762 2813 805 2879 K.
829 2813 856 2878 I.
879 2833 933 2897 pg.
958 2818 1008 2879 26.
1024 2819 1073 2879 12.
1100 2811 1239 2896 εἰδέναι,
1261 2814 1297 2879 cl

159 2913 308 2996 λουτρὸν
343 2914 496 2998 ἀκαίρως
530 2916 809 2999 προσγενόμενον
834 2915 1012 2998 ἐργάσεται
1034 2917 1094 2981 καὶ
1116 2919 1151 2982 τί
1172 2916 1293 2998 κόπος.

160 3019 218 3099 sed
241 3019 272 3082 in
298 3018 441 3084 editione
464 3028 584 3109 postea
607 3027 698 3084 recte
722 3017 858 3100 scripsit
879 3017 911 3102 ἥ,
947 3019 1026 3099 quia
1052 3020 1165 3089 nullus
1188 3018 1294 3087 codex

160 3121 301 3203 praebet
323 3122 414 3187 illam
442 3123 630 3188 lectionem.

245 3225 352 3291 Multo
376 3226 620 3291 accuratiorem
644 3232 679 3292 et
701 3225 883 3307 pleniorem
914 3225 955 3290 de
978 3225 1038 3290 illa
1060 3224 1204 3295 materia
1227 3224 1293 3293 dis·

161 3329 370 3413 quisitionem
386 3328 535 3399 instituit
551 3328 837 3410 SchneideruS,
861 3329 916 3411 qui
932 3329 973 3394 de
990 3347 1052 3394 usu
1069 3336 1169 3411 atque
1185 3328 1294 3408 iorma

159 3432 399 3514 particularum
433 3453 471 3497 τε
493 3434 554 3498 καί
586 3433 693 3499 fusius
728 3433 796 3516 egit
828 3451 883 3517 pg.
908 3436 1045 3513 17-21,
1067 3431 1230 3514 imprimis
1253 3432 1292 3508 de

158 3536 293 3602 illarum
317 3536 514 3605 vocularum
538 3536 781 3602 coniunctione.
822 3540 915 3600 recte
937 3535 1103 3601 intellexit
1124 3535 1166 3602 iis
1189 3535 1292 3619 pani·

160 3639 244 3705 culis
269 3639 466 3706 coniunctas
497 3659 572 3706 esse
596 3639 782 3706 sententies
807 3647 840 3704 et
862 3637 994 3723 singula
1017 3639 1135 3719 verba3
1169 3638 1292 3718 docuit,

160 3762 248 3824 quae
282 3743 369 3809 ratio
398 3743 621 3810 intercederet
643 3744 732 3809 inter
754 3743 814 3807 acl
836 3791 843 3807 .
868 3793 875 3807 .
900 3793 908 3807 .
932 3743 993 3806 nol
1014 3748 1049 3807 et
1069 3762 1106 3807 τε
1129 3794 1136 3808 .
1161 3794 1169 3808 .
1193 3794 1201 3808 .
1225 3741 1293 3823 nol,

160 3846 307 3929 seiunxit
340 3846 480 3913 voculas
514 3869 551 3912 cs
575 3848 636 3912 acl
657 3852 692 3912 et
714 3845 942 3926 compluribus
965 3845 1078 3918 verbis
1102 3845 1229 3915 divisas
1265 3840 1300 3912 et

161 3936 233 4015 arte
243 3948 458 4030 coniunctas,
475 3969 679 4033 quamquam
694 3948 826 4020 viderat
838 3948 926 4012 bunc
939 3968 1037 4015 usum
1048 3967 1113 4020 non
1126 3943 1296 4027 diversunt

248 4192 256 4226 ¹
276 4191 310 4242 el.
328 4206 378 4257 pg.
398 4190 439 4242 67.

246 4276 761 4342 ²mmfflffi·ww
839 4288 957 4338 g.
