2918 4980
607 357 843 416 —105-

157 541 421 623 quaestionibus
457 561 543 622 quae
578 541 814 621 effecta‘sunt,
848 541 880 606 in
904 541 970 606 tine
995 541 1144 608 cuiusvis
1168 542 1289 624 capitis

157 645 363 728 collegimus.

246 750 366 829 Itaque
390 749 543 814 omnibus
566 749 706 830 singulis
730 749 939 832 argumentis
963 749 1164 830 computatis
1189 749 1291 814 nemi-

157 871 233 917 nem
257 871 371 916 eorum
395 852 552 931 iudicum,
587 852 641 932 qui
666 853 724 918 illa
747 852 961 936 perlegerint,
993 856 1193 936 negaturum
1217 871 1291 918 esse

157 974 257 1036 spere
280 954 384 1020 haud
408 955 525 1020 [lubic
549 954 621 1020 illa
644 953 800 1036 scripta
822 955 950 1021 variis
985 955 1121 1021 deberi
1156 960 1291 1022 aueto-

157 1058 287 1138 ribus3
313 1058 367 1139 qui
392 1058 534 1139 denique
558 1058 605 1123 illi
623 1059 759 1140 luerint,
783 1059 914 1139 elicere,
930 1058 1066 1124 multum
1085 1058 1293 1124 difficultatis

156 1160 271 1241 habet,
296 1161 348 1225 vel
375 1162 485 1242 potius
509 1163 601 1227 nulla
624 1162 692 1227 iam
707 1159 838 1228 ratione
855 1161 998 1227 inveniri
1015 1167 1134 1243 potest.
1181 1168 1292 1228 tamen

159 1283 213 1328 me
238 1283 302 1328 nen
327 1265 466 1329 multum
491 1284 512 1330 a
537 1284 615 1330 vero
640 1265 822 1331 abscedere
846 1265 976 1331 confide
999 1265 1032 1330 in
1055 1266 1144 1331 hune
1161 1265 1292 1332 modum

158 1368 469 1433 commentationem
486 1368 733 1434 terminantem:
758 1387 891 1434 omnes
914 1373 997 1435 tres
1022 1374 1209 1434 auctores
1233 1370 1292 1434 fu-

159 1475 279 1536 erent
303 1471 445 1536 medici
467 1508 509 1516 —
533 1471 708 1537 fortasse
734 1472 997 1553 Hippocratis
1021 1472 1096 1538 Ooi'
1119 1471 1293 1553 discipu-

159 1574 187 1638 li
212 1611 251 1618 —
276 1574 341 1655 qui
377 1594 450 1640 nen
485 1575 609 1640 solum
646 1574 724 1639 arti
759 1593 855 1640 suae
894 1580 1010 1640 erant
1047 1574 1188 1654 dediti,
1226 1574 1293 1641 sed

160 1677 282 1742 etiam
315 1683 480 1760 propter
514 1677 718 1744 scribendi
743 1679 1083 1748 consuetudinem
1110 1678 1212 1745 haud
1237 1679 1294 1744 in·

161 1780 397 1864 elegantem,
432 1801 533 1863 quae
568 1787 628 1847 est
661 1781 874 1863 priscieris
909 1781 1115 1848 cuiusdam
1139 1788 1294 1866 gustuS,

161 1883 267 1949 inter
290 1885 510 1966 scriptores
532 1884 662 1950 iustos
686 1884 797 1950 Iadis
820 1885 1077 1966 antiquioriS,
1101 1904 1184 1952 cum
1209 1885 1293 1951 fue·

162 1986 242 2051 rint
277 2007 346 2053 seu
382 1986 516 2068 quinto
552 1989 714 2054 saecule
748 2007 818 2055 seu
852 1989 989 2070 quinto
1025 1989 1072 2055 ad
1110 1995 1293 2070 quartum

162 2095 371 2173 vergente,
395 2091 601 2157 inserendi
625 2096 726 2157 sunt.

245 4110 391 4162 Mantissa
411 4111 480 4162 huic
500 4112 645 4176 opusculo
664 4111 773 4175 addita,
802 4127 862 4178 qua
889 4111 1121 4163 continebantur
1146 4109 1294 4162 nonnulla

156 4195 323 4248 libamenta
342 4196 444 4248 critica
463 4194 501 4247 ad
520 4196 614 4248 libres
633 4196 865 4263 Hippocratices
889 4196 1079 4264 pertinentia,
1107 4200 1210 4265 postea
1237 4195 1294 4249 alio

158 4282 226 4334 loco
246 4282 363 4348 publici
381 4282 457 4334 iuris
475 4283 533 4334 fiet.
